3706 5876
353 1519 355 1533 ”
470 1515 835 1591 FRIDERIOUS
884 1516 1153 1592 SOHOELL

545 1674 784 1750 ADOLFO
824 1675 1006 1750 PATRI
1043 1677 1078 1752 S.

290 1875 440 1980 Memini,
464 1915 554 1986 pater
577 1905 743 1990 carissime,
767 1905 815 1968 Te
838 1906 922 1982 olim,
946 1928 1018 1970 cum
1042 1909 1231 1990 Iophontem
1253 1911 1426 1991 querereris

197 2033 294 2094 quam
318 2013 431 2074 misere
446 2013 550 2074 divina
573 2013 669 2092 patris
692 2021 844 2093 poemata
858 2023 1009 2076 vexasset
1023 2015 1314 2097 interpolassetque,
1337 2016 1426 2078 Tuos

197 2119 278 2182 filios
302 2121 406 2181 dicere
430 2119 655 2180 emendaturos
682 2119 786 2198 potius
811 2139 880 2182 esse
911 2129 943 2181 et
966 2121 1169 2184 absoluturos
1192 2144 1273 2204 quae
1298 2123 1425 2185 molitus

197 2247 291 2288 esses.
323 2225 481 2307 Equidem
506 2245 583 2286 vero
606 2225 669 2286 hoc
691 2224 835 2307 perfungi
858 2224 963 2289 officio
987 2227 1102 2291 vellem
1118 2239 1204 2292 certe
1227 2231 1252 2290 si
1275 2249 1422 2312 possem:

197 2352 293 2414 posse
316 2353 368 2394 me
391 2331 485 2393 valde
509 2330 627 2393 diffido.
674 2332 758 2393 Nam
774 2332 824 2394 Tu
847 2353 911 2413 qua
934 2354 968 2395 es
991 2335 1105 2414 ingenii
1128 2336 1273 2398 ubertate
1296 2371 1340 2382 --
1363 2356 1426 2417 qua

198 2449 232 2500 ut
247 2439 319 2501 Tibi
342 2437 497 2518 nobisque
521 2439 573 2499 diu
589 2439 684 2500 etiam
700 2437 757 2500 frui
780 2438 879 2514 liceat,
901 2461 973 2501 curn
994 2460 1121 2523 semper
1140 2452 1208 2504 turn
1224 2442 1287 2504 hoc
1303 2442 1424 2523 potissi-

198 2565 285 2606 mum
307 2546 357 2607 die
367 2531 462 2634 ‘'liesto
486 2554 635 2626 optamus
660 2554 755 2625 atque
770 2565 937 2626 precamur
955 2583 995 2592 -
1012 2547 1062 2608 Tu
1086 2548 1167 2630 dico,
1192 2569 1263 2610 curn
1287 2549 1361 2610 inde
1383 2549 1425 2611 ab

197 2652 410 2714 adulescentia
433 2671 573 2713 summas
596 2672 737 2732 quasque
760 2653 1024 2734 gravissimasque
1056 2674 1106 2715 res
1129 2655 1270 2736 attigeris
1293 2675 1331 2716 ac
1353 2675 1423 2736 per-

197 2758 389 2833 tractaveris,
413 2777 465 2819 me
488 2758 519 2819 in
542 2759 669 2820 minutis
692 2757 872 2840 pusillisque
895 2761 1219 2822 animadversionibus
1235 2770 1425 2842 occupatum

196 2865 301 2939 vides,
325 2865 438 2946 quibus
462 2874 497 2927 ut
520 2845 716 2926 concedatur
742 2865 834 2926 nobis
862 2865 962 2927 iudicii
989 2868 1153 2948 quoddam
1182 2867 1209 2928 si
1236 2867 1294 2928 Dis
1321 2865 1426 2947 placet

199 2991 331 3034 acumen
354 2972 500 3053 probare,
524 2991 588 3032 non
611 2971 704 3045 datur
726 2973 768 3033 ad
792 2992 863 3033 eam
886 2973 999 3051 ingenii
1030 2974 1094 3034 vim
1125 2973 1338 3055 virtutemque
1369 2973 1425 3034 ad·
1480 2961 1481 2964 ¹

197 3079 323 3163 spirare,
339 3099 402 3159 qua
417 3077 467 3139 Tu
484 3087 516 3138 et
532 3087 675 3139 veterum
692 3087 725 3140 et
740 3078 926 3140 nostratium
943 3087 1110 3160 poetarum
1127 3080 1243 3160 scripta
1258 3079 1426 3160 amplexus

198 3207 231 3246 es
255 3184 366 3267 Teque
388 3185 446 3248 illis
470 3184 666 3246 consimilem
690 3185 947 3265 condignumque
970 3185 1158 3267 praestitisti.

286 3292 340 3353 Ex
363 3291 423 3353 hac
446 3301 553 3354 autem
577 3311 649 3352 mea
672 3291 824 3353 tenuitate
847 3301 881 3353 ut
904 3291 1074 3372 aliquando
1105 3312 1158 3354 me
1186 3292 1291 3375 paullo
1323 3311 1423 3353 emer-

196 3419 304 3460 surum
328 3419 397 3460 esse
421 3398 604 3478 maioraque
627 3397 840 3479 appetiturum
868 3418 976 3478 spero,
1008 3398 1051 3460 ita
1081 3396 1112 3459 in
1142 3398 1300 3478 praesenti
1328 3397 1425 3460 satius
1474 3459 1477 3464 .

197 3505 281 3567 duco
303 3506 384 3567 intra
407 3505 605 3584 angustiores
627 3503 706 3565 fines
729 3504 891 3566 continere
913 3505 1062 3566 studium.
1092 3504 1175 3567 Eam
1191 3505 1285 3586 igitur
1299 3513 1426 3566 secutus

197 3613 351 3674 rationem
376 3631 449 3674 cum
472 3632 529 3693 per
553 3610 611 3672 hos
635 3630 760 3672 menses
784 3611 965 3674 testimonia
988 3612 1029 3673 de
1045 3610 1198 3691 Aeschyli
1223 3611 1288 3674 vita
1303 3621 1335 3673 et
1358 3619 1426 3673 arte

197 3726 409 3792 retractarem,
433 3727 559 3798 praeter
581 3717 656 3780 alias
679 3737 729 3779 res
753 3717 846 3778 incidi
868 3716 899 3778 in
922 3719 1139 3798 quaestionem
1164 3720 1205 3780 de
1228 3716 1346 3780 Suidae
1373 3716 1425 3779 illo

197 3824 270 3886 loco
287 3823 488 3887 conclamato
512 3826 542 3886 in
566 3815 631 3886 vita
653 3822 840 3906 Sophoclis:
869 3825 900 3886 in
922 3845 987 3906 quo
1010 3824 1124 3887 rectius
1148 3844 1244 3905 quam
1268 3823 1319 3886 vel
1341 3842 1362 3885 a
1376 3823 1425 3884 Te

196 3930 247 3992 vel
270 3931 313 3992 ab
336 3930 402 3993 aliis
424 3930 543 3994 factum
567 3940 615 3994 est
638 3930 828 4012 explicando
852 3931 967 4012 aliquid
996 3929 1167 4013 profecisse
1198 3929 1276 3992 mihi
1306 3930 1425 3993 videor.

197 4038 382 4119 Priusquam
405 4048 512 4100 autern
535 4038 617 4100 hanc
641 4037 884 4120 explicationem
907 4036 1075 4120 proferam,
1097 4038 1138 4099 de
1154 4036 1425 4119 aliisquibusdam

197 4145 292 4206 rebus
308 4144 430 4206 similis
461 4145 639 4225 argumenti
669 4164 775 4206 meam
804 4143 926 4206 Tecum
957 4143 1146 4206 sententiam
1183 4144 1424 4206 communicem,

198 4250 291 4332 Quae
314 4251 339 4313 si
362 4251 435 4312 Tibi
458 4250 724 4314 demonstrabunt
747 4259 833 4312 recte
858 4270 910 4312 me
932 4270 1027 4332 supra
1043 4251 1084 4312 de
1112 4270 1185 4312 mea
1207 4248 1425 4312 mediocritate

197 4357 358 4431 iudicasse,
382 4356 478 4420 nihilo
500 4357 602 4420 minus
623 4358 821 4420 documento
845 4377 915 4420 esse
938 4354 1041 4432 velim,
1065 4367 1217 4439 quantum
1233 4355 1313 4430 Tibi,
1336 4363 1426 4438 pater

198 4463 409 4538 dilectissime,
434 4464 586 4527 debeam:
612 4465 700 4547 quod
724 4463 853 4545 quidem
879 4484 943 4525 non
967 4484 1010 4526 ex
1032 4463 1145 4544 ingenii
1169 4461 1296 4524 dotibus
1320 4459 1423 4523 fructi-

197 4571 307 4645 busve,
330 4571 388 4632 sed
412 4591 454 4631 ex
478 4572 572 4633 animi
596 4569 760 4632 voluntate
783 4569 1021 4650 percipiendum
1044 4569 1092 4631 sit.
