3706 5876
936 560 1153 622 ..55-

437 733 543 810 αὐτάς
568 731 678 807 άλλως
701 731 768 813 ὑπ,
792 739 852 800 iarn
878 737 926 799 alii
949 747 1097 801 notarunt
1126 738 1206 801 haec
1228 759 1293 800 non
1315 737 1390 800 satis
1412 718 1574 818 perspicue
1595 739 1660 800 rei--

435 867 497 928 que
531 847 740 908 accomodate
779 846 863 907 dicta
902 865 987 921 esse,
1026 847 1059 907 id
1097 847 1183 925 quod
1214 846 1244 908 in
1282 844 1360 926 legis
1389 844 1524 907 formula
1556 866 1654 927 quarn

436 954 576 1016 maxime
598 954 790 1034 requirimus,
836 953 883 1017 At
913 953 938 1014 si
961 962 1035 1034 post
1057 946 1372 1037 παραναγινώσκειν
1399 953 1654 1033 distinguendum

436 1081 505 1122 esse
521 1061 695 1136 statuimus
718 1061 773 1122 vix
789 1069 873 1123 recte
890 1061 919 1121 in
935 1061 988 1122 tali
1005 1062 1133 1142 quidem
1149 1061 1222 1122 loco
1237 1067 1309 1130 τοῖς
1325 1054 1602 1143 ὑποκρινομένοις
1612 1095 1654 1104 -

434 1163 683 1252 ὑποκρίνεσθαι
706 1167 919 1231 tolerabimus.
958 1167 1024 1230 Sed
1047 1169 1123 1249 quid
1146 1168 1344 1250 potissimum
1368 1168 1596 1251 restituendum
1612 1167 1652 1228 sit

435 1275 650 1338 deficientibus
692 1275 817 1337 aliunde
855 1274 1000 1336 subsidiis
1038 1296 1097 1357 pro
1128 1286 1215 1338 certo
1251 1275 1359 1356 nequit
1386 1273 1488 1337 statui.
1542 1275 1655 1355 Neque

436 1391 544 1443 tamen
574 1381 705 1443 dubium
744 1401 813 1442 esse
844 1390 951 1463 potest
981 1383 1056 1463 quid
1087 1383 1146 1445 sibi
1175 1381 1308 1444 voluerit
1337 1381 1511 1463 Lycurgus.
1569 1381 1654 1442 Nam

434 1489 605 1551 rectissime
627 1508 691 1549 uno
707 1509 818 1550 omnes
834 1509 990 1550 consensu
1014 1490 1055 1551 de
1078 1487 1253 1551 fabularum
1275 1488 1545 1552 immutationibus
1567 1487 1653 1569 cogi-

433 1603 539 1659 tarunt
553 1596 713 1658 actoribus
736 1596 973 1658 interdicendis:
1000 1595 1032 1657 hi
1048 1597 1130 1659 enim
1146 1606 1264 1678 quanta
1286 1595 1413 1658 libidine
1436 1595 1600 1659 saevierint
1623 1596 1654 1656 in

437 1703 530 1764 trium
554 1712 719 1783 poetarum
743 1702 925 1788 tragoedias
948 1711 980 1764 et
1003 1712 1136 1766 veteres.
1149 1703 1287 1768 clamant
1309 1713 1341 1766 et
1363 1703 1426 1778 Tu,
1449 1711 1539 1785 pater
1562 1703 1654 1765 caris-

433 1809 525 1883 sime,
554 1829 625 1870 cum
649 1809 714 1870 aliis
736 1808 838 1890 probe
860 1809 1067 1890 perspexisti:
1101 1809 1186 1872 velut
1210 1831 1290 1892 quae
1314 1812 1355 1873 de
1378 1809 1562 1892 Antigonae
1584 1831 1654 1902 yer-

436 1917 522 1978 sibus
554 1915 755 1978 conclamatis
786 1915 913 1997 aliisque
943 1916 1019 1978 locis
1050 1915 1200 1980 similibus
1230 1918 1420 2000 exposuisti,
1448 1918 1562 1979 nemini
1589 1939 1654 1980 non

439 2021 659 2103 persuadebis,
683 2024 731 2084 cui
754 2024 943 2104 persuadere
966 2044 1082 2105 operae
1105 2025 1240 2105 pretium
1264 2026 1330 2087 erit.
1375 2023 1432 2086 Illo
1456 2034 1562 2086 autern
1586 2025 1653 2105 ipso

435 2138 591 2210 tempore,
615 2149 680 2210 quo
696 2129 862 2210 Lycurgus
885 2129 989 2210 legem
1005 2130 1082 2205 tulit,
1106 2140 1229 2193 actores
1252 2132 1393 2213 coepisse
1415 2127 1478 2202 τάς
1501 2125 1654 2200 παλαιάς

434 2232 618 2318 τραγῳδίας
643 2228 899 2315 ἀναλαμβάνειν
922 2238 997 2300 satis
1020 2247 1131 2300 notum
1156 2247 1212 2300 est.
1252 2238 1343 2300 Haec
1364 2240 1458 2320 igitur
1481 2239 1557 2320 legis
1581 2259 1653 2320 pars

433 2343 474 2404 ad
508 2354 632 2405 actores
663 2344 821 2424 pertinens
852 2344 969 2406 eodem
1001 2346 1177 2407 continetur
1204 2345 1350 2420 consilio,
1381 2367 1444 2428 quo
1476 2346 1572 2408 altera
1595 2345 1653 2421 illa,

433 2469 496 2531 qua
518 2448 677 2530 pubhcum
701 2451 865 2531 quoddam
889 2450 1064 2515 fabularum
1094 2452 1258 2534 exemplar
1286 2453 1505 2534 castigandum
1527 2474 1651 2515 servan-

433 2557 572 2638 dumque
596 2557 722 2620 curavit.
769 2558 835 2620 lam
868 2578 945 2619 vero
975 2559 1059 2620 idem
1091 2559 1155 2622 fere
1184 2568 1345 2640 spectasse
1368 2560 1492 2622 videtur
1513 2560 1589 2622 illud
1613 2562 1653 2623 de

434 2660 600 2743 Aeschylo
624 2662 838 2746 plebiscitum,
863 2666 903 2726 de
927 2685 991 2747 quo
1016 2667 1154 2728 maxime
1177 2667 1372 2748 respicienda
1394 2676 1466 2728 sunt
1488 2667 1654 2748 biographi

432 2749 530 2832 verba
558 2771 733 2832 decrevisse
756 2771 968 2834 Athenienses
996 2767 1056 2833 τὸν
1086 2768 1296 2852 βουλόμενον
1329 2767 1500 2834 διδάσκειν
1522 2767 1653 2856 χορδν

432 2871 691 2955 λαμβάνειν.
728 2878 840 2958 Neque
857 2880 939 2940 enim
955 2880 1127 2961 quidquam
1144 2881 1245 2960 magis
1261 2889 1403 2942 actorum
1419 2881 1653 2942 immutationes

432 2985 588 3059 excitavit,
611 3005 706 3065 quam
731 2985 900 3048 chororum
921 2987 1195 3068 choragorumque
1217 2987 1352 3068 penuria.
1393 2987 1476 3048 Nam
1501 2988 1589 3068 quod
1613 2987 1653 3048 de
1729 3059 1730 3062 η

433 3093 601 3154 comoedia
617 3091 776 3154 Platonius
799 3094 912 3156 tradit:
938 3088 1091 3176 τῶνγὰρ
1113 3095 1261 3176 χορηγῶν
1284 3088 1328 3174 μὴ
1351 3097 1652 3176 χειροτονουμένων

433 3199 490 3258 καλ
514 3199 581 3258 τῶν
594 3200 761 3282 χορευτῶν
778 3193 837 3261 οὐκ
861 3195 1003 3276 ἐχόντων
1018 3194 1079 3269 τάς
1102 3199 1229 3283 τροφάς
1251 3194 1442 3288 ὑπεξηρέθη
1460 3202 1517 3280 τῆς
1541 3221 1652 3280 κοιμητ-

331 3351 334 3358 .
433 3303 507 3375 δίας
530 3300 573 3365 τά
601 3301 718 3388 χορικά
743 3303 824 3387 μέλη
848 3308 904 3366 καὶ
934 3308 1001 3368 τῶν
1031 3302 1233 3370 ὑποθέσεων
1256 3303 1274 3370 ὁ
1298 3303 1424 3392 τρόπος
1447 3303 1652 3388 μετεβλήθη,

432 3413 464 3474 id
495 3414 590 3475 etiam
630 3415 671 3474 de
702 3415 867 3494 tragoedia
897 3414 1001 3477 valere
1032 3435 1104 3478 cum
1135 3415 1194 3478 alia
1224 3417 1460 3490 demonstrant,
1498 3435 1579 3496 quae
1605 3416 1652 3476 'ex

431 3519 650 3581 Demosthene
681 3521 821 3582 maxime
851 3531 1016 3602 comperta
1043 3522 1215 3596 habemus,
1246 3532 1314 3585 tum
1346 3521 1434 3584 locus
1463 3543 1504 3584 ex
1528 3521 1653 3584 scholiis

430 3626 471 3687 ad
488 3625 646 3706 Euripidis
661 3626 811 3688 Medeam
830 3629 1033 3710 desumptus:
1060 3624 1314 3711 Ἀπολλόδωρος
1337 3631 1399 3708 μὲν
1422 3616 1482 3691 οὖν
1507 3643 1608 3708 φησιν
1633 3622 1650 3688 ὁ

435 3726 582 3814 Ταρσεὺς
597 3733 654 3812 τῆς
671 3727 884 3811 άμιγιβυλίας
902 3733 1029 3805 αἰτίους
1046 3728 1134 3796 εἶναι
1158 3730 1235 3806 τοὺς
1256 3730 1440 3818 ὑποκριτάς
1457 3737 1652 3814 συγχέοντας

429 3833 471 3899 τά
496 3833 615 3923 χορικά
640 3845 711 3909 τοῖς
735 3834 801 3900 ὑπὸ
828 3839 976 3922 Μηδείας
1004 3839 1202 3922 λεγομένοις.
1242 3844 1310 3906 Has
1341 3844 1432 3924 igitur
1463 3844 1652 3905 mutationes

429 3946 471 4007 ita
501 3945 704 4026 praecludere
735 3949 935 4023 studuerunt,
968 3959 1002 4011 ut
1032 3949 1118 4012 festis
1151 3950 1261 4013 diebus
1290 3970 1347 4032 pro
1378 3951 1467 4012 novis
1497 3947 1651 4028 Aeschyli

405 4051 549 4114 ‚fabulas
573 4054 679 4115 doceri
702 4056 927 4135 permitterent.
967 4056 1049 4118 Nam
1074 4056 1172 4118 verba
1195 4056 1361 4138 biographi
1393 4050 1494 4139 χορὸν
1518 4051 1650 4135 λαμβά-

427 4180 497 4218 νειν
519 4160 713 4240 interpretari
736 4181 800 4222 non
823 4183 992 4241 possumus
1015 4164 1071 4226 nisi
1094 4164 1135 4225 de
1158 4163 1332 4226 actionibus
1356 4163 1504 4243 publicis:
1536 4164 1650 4230 eadem

428 4274 534 4328 autem
550 4261 648 4328 verba
663 4271 806 4341 suadent,
830 4289 869 4330 ne
885 4268 948 4330 hoc
968 4289 1027 4350 pro
1044 4289 1132 4332 mero
1148 4271 1454 4339 autoschediasmate
1477 4270 1651 4332 habeamus

428 4373 468 4434 ad
499 4372 659 4434 Ranarum
691 4373 796 4436 locum
828 4374 1049 4456 explicandum
1090 4386 1255 4458 concepto.
1308 4375 1373 4440 Sed
1404 4377 1479 4441 illud
1509 4379 1571 4440 iam
1602 4377 1651 4440 alii

427 4479 587 4552 viderunt,
617 4481 704 4559 quod
736 4482 776 4543 de
799 4481 965 4561 Aeschylo
996 4484 1167 4545 memoriae
1197 4483 1356 4564 proditur,
1388 4505 1451 4546 non
1484 4485 1586 4549 minus
1609 4486 1650 4548 de

427 4583 586 4662 Sophocle
610 4597 641 4648 et
657 4585 809 4667 Euripide
831 4587 937 4650 valere
960 4590 1026 4650 sive
1050 4610 1091 4650 ex
1115 4590 1194 4672 lege,
1219 4591 1304 4652 cuius
1319 4592 1429 4676 notitia
1452 4591 1649 4667 interciderit,

427 4691 493 4752 sive
517 4712 558 4752 ex
582 4691 650 4754 sola
674 4696 899 4756 consuetudine
1290 4695 1293 4701 ’

517 4797 664 4862 Ceterum
689 4810 832 4864 actorum
857 4804 1035 4885 superbiam
1058 4825 1077 4866 a
1096 4805 1199 4886 poetis
1223 4803 1399 4868 fabularum
1423 4807 1568 4887 exegisse
1590 4808 1646 4870 im-
