3706 5876
707 583 926 643 -55..-.

206 733 458 821 Acharnensiuin
481 756 586 819 locum
610 757 694 820 idem
718 770 970 820 commemorant
992 756 1126 832 scholia,
1150 765 1238 840 patet
1260 755 1339 820 haec
1361 778 1421 840 pro

206 887 269 928 uno
292 865 440 927 habenda
463 885 532 927 esse
555 865 745 926 testimonio.
784 863 1007 927 Philostratum
1024 873 1130 926 autem
1154 862 1293 926 alterum-
1309 871 1425 927 testem

205 975 249 1036 ad
270 973 377 1035 Ranas
401 971 578 1054 respexisse
601 982 736 1052 arguunt
760 972 876 1034 verba:
903 967 1088 1032 ἐκάλουν
1112 969 1154 1030 δὲ
1178 971 1249 1030 καὶ
1272 972 1425 1048 radus·

207 1082 291 1141 ώτοι
315 1078 356 1148 ές
380 1082 409 1138 Δ
417 1073 541 1140 ιονέσ
550 1099 608 1138 ια·
632 1075 674 1140 τὰ
695 1074 754 1162 γὰρ
778 1079 837 1140 τοῦ
859 1073 1026 1155 Αἰσχύλου
1050 1072 1426 1163 ψηφισαμένωνᾶνεδι-

209 1182 350 1248 δάσκετο
385 1187 441 1246 καλ
473 1184 565 1246 ἐνίκα
594 1184 629 1244 έκ
660 1187 783 1266 καινῆς.
838 1186 904 1247 lam
935 1186 1026 1268 igitur
1055 1194 1152 1247 restat
1181 1184 1268 1248 locus
1306 1185 1336 1246 in
1364 1185 1429 1246 vita

207 1293 378 1374 Aeschyli,
409 1313 504 1375 quem
536 1313 607 1354 cum
633 1291 887 1356 Chamaeleontis
918 1313 987 1354 esse
1015 1291 1098 1354 haud
1122 1292 1227 1373 inepta
1250 1293 1290 1354 sit
1312 1292 1427 1373 opini0,

207 1421 249 1464 ex
287 1399 365 1463 illius
402 1400 628 1463 consuetudine
674 1401 775 1481 ipsum
820 1420 947 1481 quoque
990 1399 1158 1461 comoedia
1201 1399 1257 1461 niti
1301 1419 1427 1461 mecum

206 1517 333 1571 statues.
379 1508 492 1589 Neque
522 1517 629 1570 tamen
653 1507 715 1569 hoc
745 1506 943 1588 plebiscitum
974 1506 1231 1569 commenticium
1259 1526 1328 1568 esse
1352 1527 1425 1568 con-

206 1604 370 1690 tenderim,
393 1615 481 1697 quod
504 1635 561 1696 per
584 1635 618 1676 se
640 1635 751 1696 parum
769 1613 998 1696 probabilitatis
1014 1613 1154 1676 haberet.
1192 1611 1300 1676 Simile
1321 1621 1427 1674 autem

207 1722 297 1784 huius
320 1720 398 1804 legis
429 1720 591 1784 consilium
614 1720 708 1783 fuisse
739 1722 863 1784 videtur
886 1722 964 1797 eius,
995 1742 1090 1803 quam
1114 1741 1133 1782 a
1155 1720 1306 1801 Lycurgo
1330 1719 1426 1781 latam

207 1850 275 1891 esse
298 1830 428 1903 scimus,
461 1829 501 1890 de
523 1849 587 1909 qua
610 1826 712 1891 lacere
743 1849 807 1890 non
830 1849 960 1911 possum
986 1829 1059 1910 quin
1083 1828 1328 1890 controversiam
1353 1827 1427 1890 satis

208 1956 365 2017 superque
388 1936 540 2015 agitatam
563 1935 670 2016 paucis
693 1943 871 1997 retractem.

295 2042 405 2104 Verba
420 2043 503 2104 enim
519 2041 686 2124 biographi
700 2064 723 2103 x
739 2051 919 2104 oratorum:
947 2044 1003 2102 καὶ
1026 2034 1084 2112 τοὶς
1107 2040 1293 2122 τραγῳδίας
1317 2035 1426 2102 αὐτῶν

208 2157 260 2224 (sc.
293 2144 460 2226 Αἰσχύλου
499 2145 707 2228 Σοφοκλέους
739 2143 939 2232 Εὐριπίδου)
980 2148 1015 2209 έν
1053 2151 1151 2230 κοινῷ
1190 2151 1426 2233 γραψαμένους

208 2251 389 2334 φυλάττειν
412 2256 468 2317 καὶ
492 2250 552 2317 τὸν
573 2256 630 2338 τῆς
652 2252 782 2326 πόλεως
797 2259 993 2339 γραμματέα
1017 2251 1331 2339 παραναγινώσκειν
1353 2262 1425 2326 τοῖς

207 2357 483 2447 ὑποκρινομένοις
508 2358 566 2425 οὐκ
583 2363 708 2434 ἐξεῖναι
731 2359 795 2446 γολρ
819 2357 921 2433 αὐτὰς
944 2357 1204 2449 ὑποκρίνεσθαι,
1228 2383 1301 2424 cum
1316 2363 1427 2445 procul

207 2470 304 2534 dubio
335 2470 514 2554 corruptela
543 2471 704 2546 laborent,
743 2493 785 2532 ex
816 2472 979 2553 permultis
1017 2491 1098 2552 quae
1126 2449 1324 2553 protulerunt
1352 2470 1426 2533 mihi

207 2599 302 2640 unum
326 2578 528 2658 probandum
553 2579 683 2653 videtur,
706 2580 793 2660 quod
818 2577 973 2640 Stanleius
989 2577 1066 2640 vidit
1090 2587 1122 2640 et
1144 2588 1219 2659 post
1242 2599 1314 2639 eum
1332 2579 1426 2640 Bem-

206 2684 346 2765 hardyus
378 2685 633 2766 distinguendum
663 2706 732 2747 esse
767 2693 840 2766 post
868 2679 1190 2770 παραναγινώσκειν.
1244 2686 1327 2746 Nam
1351 2707 1424 2747 con-

206 2793 316 2855 iunctis
331 2787 647 2876 παραναγινώσκειν
662 2798 733 2862 τοῖς
749 2787 1027 2875 ὑποκρινομένοις
1042 2791 1101 2854 alia
1116 2793 1216 2854 inesse
1231 2813 1295 2855 non
1319 2801 1425 2874 potest

206 2901 375 2974 sententia,
399 2920 494 2981 quam
516 2895 694 2981 ‘agentibus
717 2900 748 2961 in
771 2920 885 2962 scaena
907 2899 1108 2961 histrionibus
1131 2899 1220 2961 iuxta
1243 2919 1285 2960 ex
1308 2900 1424 2981 scripto

207 3006 379 3089 exemplari
410 3007 516 3088 legere
546 3007 706 3089 verbaque
744 3008 859 3089 scripta
890 3027 961 3068 cum
993 3006 1128 3069 recitatis
1156 3005 1297 3068 conferre
1328 3006 1425 3069 iuberi

206 3115 338 3176 civitatis
354 3109 501 3176 scribam'
570 3133 652 3196 quae
667 3123 734 3178 erat
751 3134 825 3176 sane
842 3113 1018 3187 Heinrichii,
1036 3112 1172 3193 Grysari,
1189 3112 1226 3175 G.
1243 3113 1424 3188 Hermanni‚

206 3220 337 3283 aliorum
361 3219 540 3303 explicatio.
585 3220 633 3284 At
656 3222 688 3283 id
711 3241 775 3283 non
800 3222 899 3283 modo
933 3221 973 3282 ab
996 3220 1116 3283 scribae
1139 3221 1270 3282 civitatis
1294 3221 1426 3283 auctori-

207 3335 271 3390 tate
293 3327 464 3391 abhorrere
487 3349 546 3392 nec
569 3328 714 3390 institutis
738 3328 979 3391 Atheniensium
1003 3327 1150 3390 scaenicis
1174 3327 1341 3389 convenire
1364 3328 1426 3390 iam

209 3455 319 3498 omnes
336 3437 521 3511 concedent,
544 3437 601 3498 sed
618 3435 713 3498 etiam
736 3456 794 3516 per
816 3457 849 3496 se
865 3455 976 3517 parum
993 3432 1130 3496 utilitatis
1153 3433 1318 3497 allaturum
1334 3434 1428 3497 suisse

207 3552 292 3605 recte
315 3541 609 3607 Sommerbrodtius
633 3544 764 3619 monuit,
788 3563 859 3604 cum
890 3541 965 3605 illud
988 3542 1092 3624 potius
1116 3542 1288 3604 curandum
1312 3541 1425 3617 fuisset,

207 3658 241 3710 ut
275 3659 361 3712 ante
400 3651 561 3712 actionem
600 3649 723 3713 fabulae
754 3652 921 3731 quominus
956 3650 1200 3730 depravarentur
1231 3649 1426 3731 impedirent.

208 3755 303 3838 Quod
327 3777 403 3819 vero
427 3735 490 3818 hoc
519 3757 621 3840 ipsum
653 3766 687 3819 ut
710 3757 847 3820 efficeret
877 3751 1190 3840 παραναγινώσκειν
1213 3755 1243 3818 in
1267 3751 1427 3834 ἀναγινώ-

207 3878 298 3924 σκειν
329 3844 631 3928 Sommerbrodtius
654 3867 801 3940 mutavit,
833 3866 887 3926 vix
918 3865 948 3927 in
979 3865 1118 3934 animum
1154 3864 1282 3926 induces
1313 3883 1426 3926 vocem

206 3972 332 4052 propria
354 3971 579 4052 significatione
602 3971 755 4053 insignem
780 3973 979 4052 eandemque
1009 3971 1219 4052 aptissimam,
1249 3971 1427 4034 dummodo

207 4078 250 4140 eis
272 4099 353 4160 quae
376 4080 569 4160 praecedunt
592 4079 751 4152 adnectas,
776 4099 865 4140 mero
888 4078 1089 4140 tribuendam
1115 4099 1184 4139 esse
1208 4079 1311 4152 errori,
1336 4098 1424 4158 prae-

206 4186 311 4248 sertim
337 4205 407 4246 cum
431 4205 512 4266 quae
527 4187 705 4262 insecuntur
728 4186 835 4267 utique
859 4184 984 4248 medela
999 4185 1167 4266 indigeant.
1205 4184 1241 4246 In
1257 4184 1304 4247 his
1320 4194 1425 4246 autem

206 4293 294 4372 quod
316 4293 639 4375 παρυποκρλνεσθαι
668 4292 716 4353 ille
744 4291 835 4354 finxit
866 4313 925 4374 pro
958 4286 1207 4375 ὑποκρίνεσθαι
1238 4291 1426 4354 assentiente

206 4397 330 4472 Iahni0,
359 4397 440 4462 hanc
462 4419 592 4473 vocem,
623 4400 681 4462 etsi
709 4399 838 4461 omnino
868 4398 942 4479 fingi
966 4399 1106 4480 potuisse
1130 4406 1234 4479 patet,
1265 4407 1372 4460 tamen
1395 4400 1425 4460 in

205 4504 276 4587 lege
307 4505 506 4586 potissimum
538 4506 679 4569 extitisse
714 4505 810 4569 fidem
847 4507 983 4571 excedit.
1035 4504 1100 4568 Sed
1132 4506 1216 4567 idem
1247 4506 1276 4566 in
1305 4513 1425 4568 ceteras

206 4613 400 4674 coniecturas
424 4613 524 4674 cadit:
551 4633 625 4675 nam
649 4622 681 4675 et
703 4614 792 4695 quod
815 4613 959 4695 speciose
981 4632 1057 4674 sane
1080 4632 1152 4674 cum
1175 4611 1425 4692 Wyttenbachio

207 4719 428 4799 Bemhardyus
452 4739 489 4782 ac
505 4719 711 4782 Buechelerus
735 4721 815 4803 παρ’
842 4713 944 4789 αὐτὰς
969 4714 1218 4803 ὑποκρίνεσθαι
1241 4728 1425 4801 receperunt

206 4846 264 4908 pro
288 4821 351 4909 γὰρ
376 4820 479 4896 αὐτὰς
500 4821 558 4886 ὑπ.
583 4835 615 4888 et
637 4829 724 4908 quod
749 4827 814 4890 aliis
837 4828 952 4909 placuit
976 4821 1087 4895 ἄλλως
1103 4820 1351 4912 ὑποκρίνεσθαι
1375 4827 1424 4887 vel
