<?xml version="1.0" encoding="UTF-8"?>
<!DOCTYPE html PUBLIC "-//W3C//DTD XHTML 1.0 Transitional//EN"
    "http://www.w3.org/TR/xhtml1/DTD/xhtml1-transitional.dtd">
<html xmlns="http://www.w3.org/1999/xhtml" xml:lang="en" lang="en">
 <head>
  <title>
</title>
<meta http-equiv="Content-Type" content="text/html;charset=utf-8" />
  <meta name='ocr-system' content='tesseract 3.04.00' />
  <meta name='ocr-capabilities' content='ocr_page ocr_carea ocr_par ocr_line ocrx_word'/>
</head>
<body>
  <div class='ocr_page' id='page_1' title='image "./rudolfischoelli00schogoog_0069.png"; bbox 0 0 3706 5876; ppageno 0'>
   <div class='ocr_carea' id='block_1_1' title="bbox 922 579 1143 639">
    <p class='ocr_par' dir='ltr' id='par_1_1' title="bbox 922 579 1143 639">
     <span class='ocr_line' id='line_1_1' title="bbox 922 579 1143 639; baseline 0.005 -17"><span class='ocrx_word' id='word_1_1' title='bbox 922 579 1143 639; x_wconf 70' lang='grc' dir='ltr'><strong><em>..ηη-</em></strong></span> 
     </span>
    </p>
   </div>
   <div class='ocr_carea' id='block_1_2' title="bbox 425 750 1754 839">
    <p class='ocr_par' dir='ltr' id='par_1_2' title="bbox 425 750 1754 839">
     <span class='ocr_line' id='line_1_2' title="bbox 425 750 1754 839; baseline -0.002 -23"><span class='ocrx_word' id='word_1_2' title='bbox 425 750 585 825; x_wconf 75' lang='grc' dir='ltr'><strong><em>Ολδλπους</em></strong></span> <span class='ocrx_word' id='word_1_3' title='bbox 609 757 814 836; x_wconf 83' lang='grc' dir='ltr'><strong><em>συνημμένος</em></strong></span> <span class='ocrx_word' id='word_1_4' title='bbox 838 750 910 826; x_wconf 82' lang='grc' dir='ltr'><strong><em>πώς</em></strong></span> <span class='ocrx_word' id='word_1_5' title='bbox 935 754 1006 816; x_wconf 90' lang='grc' dir='ltr'><strong><em>έστι</em></strong></span> <span class='ocrx_word' id='word_1_6' title='bbox 1028 757 1073 837; x_wconf 81' lang='grc' dir='ltr'><strong><em>τῷ</em></strong></span> <span class='ocrx_word' id='word_1_7' title='bbox 1093 750 1263 839; x_wconf 76' lang='grc' dir='ltr'><em>Τυράννῳ.</em></span> <span class='ocrx_word' id='word_1_8' title='bbox 1302 754 1415 834; x_wconf 85' lang='lat' dir='ltr'><strong>Neque</strong></span> <span class='ocrx_word' id='word_1_9' title='bbox 1437 753 1522 836; x_wconf 90' lang='lat' dir='ltr'>quod</span> <span class='ocrx_word' id='word_1_10' title='bbox 1546 753 1646 835; x_wconf 85' lang='lat' dir='ltr'>vulgo</span> <span class='ocrx_word' id='word_1_11' title='bbox 1752 779 1754 784; x_wconf 95' lang='lat'>·</span> 
     </span>
    </p>
   </div>
   <div class='ocr_carea' id='block_1_3' title="bbox 419 861 1729 2437">
    <p class='ocr_par' dir='ltr' id='par_1_3' title="bbox 422 861 1688 1156">
     <span class='ocr_line' id='line_1_3' title="bbox 423 861 1645 944; baseline -0.002 -20"><span class='ocrx_word' id='word_1_12' title='bbox 423 864 554 924; x_wconf 91' lang='lat' dir='ltr'>credunt</span> <span class='ocrx_word' id='word_1_13' title='bbox 584 861 656 924; x_wconf 91' lang='lat' dir='ltr'>huic</span> <span class='ocrx_word' id='word_1_14' title='bbox 687 864 730 923; x_wconf 89' lang='lat' dir='ltr'>rei</span> <span class='ocrx_word' id='word_1_15' title='bbox 763 862 949 925; x_wconf 81' lang='lat' dir='ltr'>didascaliae</span> <span class='ocrx_word' id='word_1_16' title='bbox 981 862 1117 926; x_wconf 82' lang='lat' dir='ltr'><strong>obstant.</strong></span> <span class='ocrx_word' id='word_1_17' title='bbox 1167 863 1250 925; x_wconf 95' lang='lat' dir='ltr'>Nam</span> <span class='ocrx_word' id='word_1_18' title='bbox 1280 864 1321 924; x_wconf 95' lang='lat' dir='ltr'>de</span> <span class='ocrx_word' id='word_1_19' title='bbox 1344 863 1508 944; x_wconf 83' lang='lat' dir='ltr'>Antigona</span> <span class='ocrx_word' id='word_1_20' title='bbox 1531 862 1645 923; x_wconf 87' lang='lat' dir='ltr'>iustam</span> 
     </span>
     <span class='ocr_line' id='line_1_4' title="bbox 422 967 1646 1051; baseline -0.002 -21"><span class='ocrx_word' id='word_1_21' title='bbox 422 989 486 1030; x_wconf 91' lang='lat' dir='ltr'>non</span> <span class='ocrx_word' id='word_1_22' title='bbox 502 967 655 1030; x_wconf 87' lang='lat' dir='ltr'>habemus</span> <span class='ocrx_word' id='word_1_23' title='bbox 672 969 895 1044; x_wconf 88' lang='lat' dir='ltr'>didascaliam;</span> <span class='ocrx_word' id='word_1_24' title='bbox 923 969 1083 1051; x_wconf 89' lang='lat' dir='ltr'>Oedipum</span> <span class='ocrx_word' id='word_1_25' title='bbox 1101 980 1207 1032; x_wconf 91' lang='lat' dir='ltr'>autem</span> <span class='ocrx_word' id='word_1_26' title='bbox 1226 968 1402 1032; x_wconf 89' lang='lat' dir='ltr'>Coloneum</span> <span class='ocrx_word' id='word_1_27' title='bbox 1423 970 1509 1050; x_wconf 91' lang='lat' dir='ltr'>quod</span> <span class='ocrx_word' id='word_1_28' title='bbox 1535 970 1646 1030; x_wconf 88' lang='lat' dir='ltr'>dicitur</span> 
     </span>
     <span class='ocr_line' id='line_1_5' title="bbox 424 1069 1688 1156; baseline 0.002 -22"><span class='ocrx_word' id='word_1_29' title='bbox 424 1073 481 1135; x_wconf 78' lang='grc' dir='ltr'>ἐπὶ</span> <span class='ocrx_word' id='word_1_30' title='bbox 511 1069 745 1156; x_wconf 73' lang='grc' dir='ltr'><strong><em>τελευτήσαντι</em></strong></span> <span class='ocrx_word' id='word_1_31' title='bbox 769 1076 813 1156; x_wconf 79' lang='grc' dir='ltr'><strong><em>τῷ</em></strong></span> <span class='ocrx_word' id='word_1_32' title='bbox 838 1071 975 1156; x_wconf 81' lang='grc' dir='ltr'><em>πάππῳ</em></span> <span class='ocrx_word' id='word_1_33' title='bbox 1003 1072 1176 1156; x_wconf 75' lang='grc' dir='ltr'><strong><em>Σοφοκλῆς</em></strong></span> <span class='ocrx_word' id='word_1_34' title='bbox 1204 1070 1221 1138; x_wconf 82' lang='grc' dir='ltr'>ὁ</span> <span class='ocrx_word' id='word_1_35' title='bbox 1246 1069 1359 1145; x_wconf 79' lang='grc' dir='ltr'><strong><em>ὑιδοῦς</em></strong></span> <span class='ocrx_word' id='word_1_36' title='bbox 1383 1073 1552 1149; x_wconf 77' lang='grc' dir='ltr'><strong><em>ἐδίδαξεν,</em></strong></span> <span class='ocrx_word' id='word_1_37' title='bbox 1583 1073 1646 1136; x_wconf 94' lang='lat' dir='ltr'>hoc</span> <span class='ocrx_word' id='word_1_38' title='bbox 1670 1101 1688 1120; x_wconf 48' lang='grc' dir='ltr'><strong><em>κ</em></strong></span> 
     </span>
    </p>

    <p class='ocr_par' dir='ltr' id='par_1_4' title="bbox 419 1165 1729 2437">
     <span class='ocr_line' id='line_1_6' title="bbox 423 1165 1729 1266; baseline -0.002 -22"><span class='ocrx_word' id='word_1_39' title='bbox 423 1192 507 1245; x_wconf 89' lang='lat' dir='ltr'>recte</span> <span class='ocrx_word' id='word_1_40' title='bbox 531 1184 571 1244; x_wconf 91' lang='lat' dir='ltr'>de</span> <span class='ocrx_word' id='word_1_41' title='bbox 594 1183 704 1245; x_wconf 90' lang='lat' dir='ltr'>iterata</span> <span class='ocrx_word' id='word_1_42' title='bbox 732 1191 805 1263; x_wconf 91' lang='lat' dir='ltr'>post</span> <span class='ocrx_word' id='word_1_43' title='bbox 829 1194 965 1245; x_wconf 88' lang='lat' dir='ltr'>mortem</span> <span class='ocrx_word' id='word_1_44' title='bbox 990 1185 1113 1246; x_wconf 90' lang='lat' dir='ltr'>actione</span> <span class='ocrx_word' id='word_1_45' title='bbox 1137 1184 1357 1266; x_wconf 88' lang='lat' dir='ltr'>interpretatus</span> <span class='ocrx_word' id='word_1_46' title='bbox 1374 1204 1416 1246; x_wconf 92' lang='lat' dir='ltr'>es.</span> <span class='ocrx_word' id='word_1_47' title='bbox 1455 1181 1550 1264; x_wconf 83' lang='lat' dir='ltr'>Quod</span> <span class='ocrx_word' id='word_1_48' title='bbox 1569 1201 1646 1243; x_wconf 90' lang='lat' dir='ltr'>vero</span> <span class='ocrx_word' id='word_1_49' title='bbox 1727 1165 1729 1170; x_wconf 35' lang='lat'><strong>¹</strong></span> 
     </span>
     <span class='ocr_line' id='line_1_7' title="bbox 422 1285 1645 1370; baseline -0.002 -20"><span class='ocrx_word' id='word_1_50' title='bbox 422 1289 588 1352; x_wconf 89' lang='lat' dir='ltr'>Kolsterus</span> <span class='ocrx_word' id='word_1_51' title='bbox 611 1309 682 1352; x_wconf 93' lang='lat' dir='ltr'>cum</span> <span class='ocrx_word' id='word_1_52' title='bbox 706 1289 770 1352; x_wconf 91' lang='lat' dir='ltr'>aliis</span> <span class='ocrx_word' id='word_1_53' title='bbox 793 1291 942 1370; x_wconf 91' lang='lat' dir='ltr'>opposuit</span> <span class='ocrx_word' id='word_1_54' title='bbox 958 1288 1110 1362; x_wconf 74' lang='grc' dir='ltr'><strong><em>ἐδίδαξεν</em></strong></span> <span class='ocrx_word' id='word_1_55' title='bbox 1133 1292 1200 1366; x_wconf 89' lang='lat' dir='ltr'>dici,</span> <span class='ocrx_word' id='word_1_56' title='bbox 1224 1311 1288 1353; x_wconf 93' lang='lat' dir='ltr'>non</span> <span class='ocrx_word' id='word_1_57' title='bbox 1313 1285 1546 1364; x_wconf 86' lang='grc' dir='ltr'><strong><em>ἀνεδιδάξατο,</em></strong></span> <span class='ocrx_word' id='word_1_58' title='bbox 1569 1287 1645 1349; x_wconf 90' lang='lat' dir='ltr'>illud</span> 
     </span>
     <span class='ocr_line' id='line_1_8' title="bbox 422 1395 1644 1478; baseline -0.002 -20"><span class='ocrx_word' id='word_1_59' title='bbox 422 1395 646 1476; x_wconf 90' lang='lat' dir='ltr'>dispiciendum</span> <span class='ocrx_word' id='word_1_60' title='bbox 678 1396 705 1457; x_wconf 91' lang='lat' dir='ltr'>ei</span> <span class='ocrx_word' id='word_1_61' title='bbox 736 1406 802 1458; x_wconf 88' lang='lat' dir='ltr'>erat</span> <span class='ocrx_word' id='word_1_62' title='bbox 833 1417 1033 1478; x_wconf 82' lang='lat' dir='ltr'>nequaquam</span> <span class='ocrx_word' id='word_1_63' title='bbox 1070 1396 1134 1459; x_wconf 89' lang='lat' dir='ltr'>hoc</span> <span class='ocrx_word' id='word_1_64' title='bbox 1166 1399 1195 1459; x_wconf 94' lang='lat' dir='ltr'>in</span> <span class='ocrx_word' id='word_1_65' title='bbox 1220 1419 1277 1460; x_wconf 90' lang='lat' dir='ltr'>usu</span> <span class='ocrx_word' id='word_1_66' title='bbox 1308 1407 1453 1460; x_wconf 86' lang='lat' dir='ltr'>auctores</span> <span class='ocrx_word' id='word_1_67' title='bbox 1480 1396 1537 1458; x_wconf 88' lang='lat' dir='ltr'>sibi</span> <span class='ocrx_word' id='word_1_68' title='bbox 1568 1415 1644 1456; x_wconf 90' lang='lat' dir='ltr'>con-</span> 
     </span>
     <span class='ocr_line' id='line_1_9' title="bbox 422 1502 1646 1585; baseline 0 -21"><span class='ocrx_word' id='word_1_69' title='bbox 422 1512 526 1564; x_wconf 80' lang='lat' dir='ltr'><strong>stare:</strong></span> <span class='ocrx_word' id='word_1_70' title='bbox 560 1502 646 1566; x_wconf 91' lang='lat' dir='ltr'>velut</span> <span class='ocrx_word' id='word_1_71' title='bbox 669 1504 699 1564; x_wconf 91' lang='lat' dir='ltr'>in</span> <span class='ocrx_word' id='word_1_72' title='bbox 721 1502 797 1565; x_wconf 90' lang='lat' dir='ltr'>locis</span> <span class='ocrx_word' id='word_1_73' title='bbox 821 1502 877 1564; x_wconf 90' lang='lat' dir='ltr'>illis</span> <span class='ocrx_word' id='word_1_74' title='bbox 901 1505 941 1564; x_wconf 88' lang='lat' dir='ltr'>de</span> <span class='ocrx_word' id='word_1_75' title='bbox 965 1505 1172 1567; x_wconf 86' lang='lat' dir='ltr'>instaurandis</span> <span class='ocrx_word' id='word_1_76' title='bbox 1194 1503 1349 1584; x_wconf 89' lang='lat' dir='ltr'>Aeschyli</span> <span class='ocrx_word' id='word_1_77' title='bbox 1373 1503 1544 1585; x_wconf 85' lang='lat' dir='ltr'>tragoediis</span> <span class='ocrx_word' id='word_1_78' title='bbox 1566 1522 1646 1564; x_wconf 89' lang='lat' dir='ltr'>unus</span> 
     </span>
     <span class='ocr_line' id='line_1_10' title="bbox 422 1604 1643 1693; baseline -0.001 -23"><span class='ocrx_word' id='word_1_79' title='bbox 422 1609 626 1673; x_wconf 85' lang='lat' dir='ltr'>Philostratus</span> <span class='ocrx_word' id='word_1_80' title='bbox 643 1604 940 1671; x_wconf 75' lang='grc' dir='ltr'><strong><em>ἀναδιδάσκεσθαι</em></strong></span> <span class='ocrx_word' id='word_1_81' title='bbox 964 1609 1069 1686; x_wconf 90' lang='lat' dir='ltr'>habet,</span> <span class='ocrx_word' id='word_1_82' title='bbox 1093 1612 1189 1675; x_wconf 88' lang='lat' dir='ltr'>ceteri</span> <span class='ocrx_word' id='word_1_83' title='bbox 1211 1622 1309 1674; x_wconf 87' lang='lat' dir='ltr'>testes</span> <span class='ocrx_word' id='word_1_84' title='bbox 1332 1611 1468 1693; x_wconf 85' lang='lat' dir='ltr'>simplex</span> <span class='ocrx_word' id='word_1_85' title='bbox 1491 1608 1643 1683; x_wconf 87' lang='lat' dir='ltr'>verbum;</span> 
     </span>
     <span class='ocr_line' id='line_1_11' title="bbox 423 1714 1645 1799; baseline -0.001 -20"><span class='ocrx_word' id='word_1_86' title='bbox 423 1718 563 1799; x_wconf 86' lang='lat' dir='ltr'>itemque</span> <span class='ocrx_word' id='word_1_87' title='bbox 587 1717 628 1778; x_wconf 90' lang='lat' dir='ltr'>de</span> <span class='ocrx_word' id='word_1_88' title='bbox 651 1718 763 1778; x_wconf 89' lang='lat' dir='ltr'>iterata</span> <span class='ocrx_word' id='word_1_89' title='bbox 785 1718 871 1798; x_wconf 90' lang='lat' dir='ltr'>apud</span> <span class='ocrx_word' id='word_1_90' title='bbox 887 1717 1059 1778; x_wconf 90' lang='lat' dir='ltr'>Hieronem</span> <span class='ocrx_word' id='word_1_91' title='bbox 1083 1718 1248 1780; x_wconf 87' lang='lat' dir='ltr'>Persarum</span> <span class='ocrx_word' id='word_1_92' title='bbox 1272 1719 1395 1780; x_wconf 91' lang='lat' dir='ltr'>actione</span> <span class='ocrx_word' id='word_1_93' title='bbox 1414 1714 1645 1780; x_wconf 87' lang='lat' dir='ltr'>Dicaearchum</span> 
     </span>
     <span class='ocr_line' id='line_1_12' title="bbox 424 1818 1646 1905; baseline -0.001 -20"><span class='ocrx_word' id='word_1_94' title='bbox 424 1844 518 1905; x_wconf 89' lang='lat' dir='ltr'>supra</span> <span class='ocrx_word' id='word_1_95' title='bbox 548 1823 681 1886; x_wconf 90' lang='lat' dir='ltr'>vidimus</span> <span class='ocrx_word' id='word_1_96' title='bbox 711 1818 912 1896; x_wconf 87' lang='grc' dir='ltr'><strong><em>ἀναδιδάξαι</em></strong></span> <span class='ocrx_word' id='word_1_97' title='bbox 941 1825 1060 1899; x_wconf 87' lang='lat' dir='ltr'>dicere,</span> <span class='ocrx_word' id='word_1_98' title='bbox 1100 1845 1171 1887; x_wconf 89' lang='lat' dir='ltr'>curn</span> <span class='ocrx_word' id='word_1_99' title='bbox 1203 1826 1234 1886; x_wconf 92' lang='lat' dir='ltr'>in</span> <span class='ocrx_word' id='word_1_100' title='bbox 1268 1825 1428 1887; x_wconf 90' lang='lat' dir='ltr'>Ranarum</span> <span class='ocrx_word' id='word_1_101' title='bbox 1455 1822 1580 1886; x_wconf 90' lang='lat' dir='ltr'>scholiis</span> <span class='ocrx_word' id='word_1_102' title='bbox 1603 1823 1646 1884; x_wconf 92' lang='lat' dir='ltr'>de</span> 
     </span>
     <span class='ocr_line' id='line_1_13' title="bbox 422 1920 1641 2015; baseline -0.002 -23"><span class='ocrx_word' id='word_1_103' title='bbox 422 1932 535 1993; x_wconf 92' lang='lat' dir='ltr'>eadem</span> <span class='ocrx_word' id='word_1_104' title='bbox 560 1951 593 1992; x_wconf 91' lang='lat' dir='ltr'>re</span> <span class='ocrx_word' id='word_1_105' title='bbox 617 1939 724 1993; x_wconf 89' lang='lat' dir='ltr'>extet·</span> <span class='ocrx_word' id='word_1_106' title='bbox 749 1927 886 1993; x_wconf 85' lang='grc' dir='ltr'><strong><em>δοκοῦσι</em></strong></span> <span class='ocrx_word' id='word_1_107' title='bbox 911 1929 946 1991; x_wconf 80' lang='grc' dir='ltr'>δὲ</span> <span class='ocrx_word' id='word_1_108' title='bbox 971 1920 1064 1992; x_wconf 80' lang='grc' dir='ltr'><strong><em>οὗτοι</em></strong></span> <span class='ocrx_word' id='word_1_109' title='bbox 1089 1927 1121 1992; x_wconf 74' lang='grc' dir='ltr'>οἱ</span> <span class='ocrx_word' id='word_1_110' title='bbox 1138 1935 1266 2015; x_wconf 83' lang='grc' dir='ltr'><strong><em>Πέρσαι</em></strong></span> <span class='ocrx_word' id='word_1_111' title='bbox 1290 1927 1361 1992; x_wconf 78' lang='grc' dir='ltr'>ἀπὸ</span> <span class='ocrx_word' id='word_1_112' title='bbox 1386 1933 1446 1992; x_wconf 86' lang='grc' dir='ltr'><strong><em>τοῦ</em></strong></span> <span class='ocrx_word' id='word_1_113' title='bbox 1474 1925 1641 2008; x_wconf 75' lang='grc' dir='ltr'><strong><em>Αἰσχύλου</em></strong></span> 
     </span>
     <span class='ocr_line' id='line_1_14' title="bbox 424 2032 1644 2122; baseline -0.002 -24"><span class='ocrx_word' id='word_1_114' title='bbox 424 2032 627 2114; x_wconf 68' lang='grc' dir='ltr'><strong><em>δεδιδάχθαι</em></strong></span> <span class='ocrx_word' id='word_1_115' title='bbox 660 2035 695 2096; x_wconf 79' lang='grc' dir='ltr'>έν</span> <span class='ocrx_word' id='word_1_116' title='bbox 725 2033 953 2120; x_wconf 79' lang='grc' dir='ltr'><strong><em>Συρακούσαις</em></strong></span> <span class='ocrx_word' id='word_1_117' title='bbox 992 2033 1251 2108; x_wconf 85' lang='grc' dir='ltr'><strong><em>σπουδάσαντος</em></strong></span> <span class='ocrx_word' id='word_1_118' title='bbox 1280 2034 1427 2122; x_wconf 77' lang='grc' dir='ltr'><strong><em>Ἱέρωνος</em></strong></span> <span class='ocrx_word' id='word_1_119' title='bbox 1466 2032 1512 2108; x_wconf 79' lang='grc' dir='ltr'><strong><em>ὥς</em></strong></span> <span class='ocrx_word' id='word_1_120' title='bbox 1541 2052 1644 2118; x_wconf 80' lang='grc' dir='ltr'><strong><em>φησιν</em></strong></span> 
     </span>
     <span class='ocr_line' id='line_1_15' title="bbox 419 2139 1643 2228; baseline 0.001 -24"><span class='ocrx_word' id='word_1_121' title='bbox 419 2139 675 2228; x_wconf 71' lang='grc' dir='ltr'><strong><em>Ἐρατοσθένης.</em></strong></span> <span class='ocrx_word' id='word_1_122' title='bbox 723 2143 843 2207; x_wconf 87' lang='lat' dir='ltr'>Contra</span> <span class='ocrx_word' id='word_1_123' title='bbox 873 2147 914 2206; x_wconf 91' lang='lat' dir='ltr'>de</span> <span class='ocrx_word' id='word_1_124' title='bbox 944 2145 1096 2222; x_wconf 87' lang='lat' dir='ltr'>nubibus,</span> <span class='ocrx_word' id='word_1_125' title='bbox 1134 2166 1327 2228; x_wconf 90' lang='lat' dir='ltr'>quamquam</span> <span class='ocrx_word' id='word_1_126' title='bbox 1358 2155 1501 2208; x_wconf 90' lang='lat' dir='ltr'>correcta</span> <span class='ocrx_word' id='word_1_127' title='bbox 1530 2145 1643 2207; x_wconf 89' lang='lat' dir='ltr'>iterum</span> 
     </span>
     <span class='ocr_line' id='line_1_16' title="bbox 423 2248 1644 2334; baseline -0.002 -21"><span class='ocrx_word' id='word_1_128' title='bbox 423 2251 615 2326; x_wconf 86' lang='lat' dir='ltr'>docebatur,</span> <span class='ocrx_word' id='word_1_129' title='bbox 648 2251 678 2312; x_wconf 90' lang='lat' dir='ltr'>in</span> <span class='ocrx_word' id='word_1_130' title='bbox 709 2262 895 2332; x_wconf 85' lang='lat' dir='ltr'>argumento</span> <span class='ocrx_word' id='word_1_131' title='bbox 929 2253 1056 2315; x_wconf 90' lang='lat' dir='ltr'>dicitur:</span> <span class='ocrx_word' id='word_1_132' title='bbox 1092 2248 1328 2315; x_wconf 80' lang='grc' dir='ltr'><strong><em>διεσκεύασται</em></strong></span> <span class='ocrx_word' id='word_1_133' title='bbox 1360 2252 1396 2313; x_wconf 80' lang='grc' dir='ltr'>δὲ</span> <span class='ocrx_word' id='word_1_134' title='bbox 1427 2251 1485 2313; x_wconf 76' lang='grc' dir='ltr'>ἐπὶ</span> <span class='ocrx_word' id='word_1_135' title='bbox 1513 2254 1644 2334; x_wconf 86' lang='grc' dir='ltr'><strong><em>μέρους,</em></strong></span> 
     </span>
     <span class='ocr_line' id='line_1_17' title="bbox 424 2335 1646 2437; baseline 0.002 -19"><span class='ocrx_word' id='word_1_136' title='bbox 424 2352 468 2427; x_wconf 80' lang='grc' dir='ltr'><strong><em>ὦς</em></strong></span> <span class='ocrx_word' id='word_1_137' title='bbox 493 2352 538 2417; x_wconf 86' lang='grc' dir='ltr'>ἀν</span> <span class='ocrx_word' id='word_1_138' title='bbox 563 2352 600 2437; x_wconf 83' lang='grc' dir='ltr'>δη</span> <span class='ocrx_word' id='word_1_139' title='bbox 626 2335 830 2430; x_wconf 82' lang='grc' dir='ltr'><strong><em>ἀναδιδάξαι</em></strong></span> <span class='ocrx_word' id='word_1_140' title='bbox 854 2355 920 2421; x_wconf 90' lang='grc' dir='ltr'><strong><em>κτλ.</em></strong></span> <span class='ocrx_word' id='word_1_141' title='bbox 966 2359 1033 2421; x_wconf 92' lang='lat' dir='ltr'>lam</span> <span class='ocrx_word' id='word_1_142' title='bbox 1064 2379 1141 2421; x_wconf 86' lang='lat' dir='ltr'>vero</span> <span class='ocrx_word' id='word_1_143' title='bbox 1172 2362 1213 2422; x_wconf 91' lang='lat' dir='ltr'>ad</span> <span class='ocrx_word' id='word_1_144' title='bbox 1242 2362 1377 2423; x_wconf 90' lang='lat' dir='ltr'>eandem</span> <span class='ocrx_word' id='word_1_145' title='bbox 1402 2358 1601 2422; x_wconf 86' lang='lat' dir='ltr'>didascaliam</span> <span class='ocrx_word' id='word_1_146' title='bbox 1626 2379 1646 2420; x_wconf 93' lang='lat' dir='ltr'>a</span> 
     </span>
    </p>
   </div>
   <div class='ocr_carea' id='block_1_4' title="bbox 333 2466 1644 2549">
    <p class='ocr_par' dir='ltr' id='par_1_5' title="bbox 333 2466 1644 2549">
     <span class='ocr_line' id='line_1_18' title="bbox 333 2466 1644 2549; baseline 0.001 -24"><span class='ocrx_word' id='word_1_147' title='bbox 333 2487 336 2496; x_wconf 93' lang='lat'>·</span> <span class='ocrx_word' id='word_1_148' title='bbox 423 2475 539 2545; x_wconf 90' lang='lat' dir='ltr'>nepote</span> <span class='ocrx_word' id='word_1_149' title='bbox 562 2466 734 2527; x_wconf 89' lang='lat' dir='ltr'>institutam</span> <span class='ocrx_word' id='word_1_150' title='bbox 759 2474 948 2547; x_wconf 87' lang='lat' dir='ltr'>spectarunt,</span> <span class='ocrx_word' id='word_1_151' title='bbox 971 2467 1023 2548; x_wconf 92' lang='lat' dir='ltr'>qui</span> <span class='ocrx_word' id='word_1_152' title='bbox 1046 2467 1077 2527; x_wconf 92' lang='lat' dir='ltr'>in</span> <span class='ocrx_word' id='word_1_153' title='bbox 1100 2478 1288 2547; x_wconf 86' lang='lat' dir='ltr'>argumento</span> <span class='ocrx_word' id='word_1_154' title='bbox 1311 2466 1425 2549; x_wconf 90' lang='lat' dir='ltr'>Oedipi</span> <span class='ocrx_word' id='word_1_155' title='bbox 1448 2467 1546 2548; x_wconf 86' lang='lat' dir='ltr'>Regis</span> <span class='ocrx_word' id='word_1_156' title='bbox 1570 2485 1644 2528; x_wconf 89' lang='lat' dir='ltr'>eum</span> 
     </span>
    </p>
   </div>
   <div class='ocr_carea' id='block_1_5' title="bbox 419 2565 1646 4901">
    <p class='ocr_par' dir='ltr' id='par_1_6' title="bbox 419 2565 1644 3294">
     <span class='ocr_line' id='line_1_19' title="bbox 419 2565 1644 2656; baseline -0.002 -23"><span class='ocrx_word' id='word_1_157' title='bbox 419 2565 585 2653; x_wconf 83' lang='lat' dir='ltr'>‘priorem&#39;</span> <span class='ocrx_word' id='word_1_158' title='bbox 621 2591 684 2634; x_wconf 91' lang='lat' dir='ltr'>non</span> <span class='ocrx_word' id='word_1_159' title='bbox 708 2573 807 2634; x_wconf 93' lang='lat' dir='ltr'>modo</span> <span class='ocrx_word' id='word_1_160' title='bbox 840 2567 896 2633; x_wconf 90' lang='grc' dir='ltr'>διά</span> <span class='ocrx_word' id='word_1_161' title='bbox 921 2568 964 2632; x_wconf 90' lang='grc' dir='ltr'><strong><em>τά</em></strong></span> <span class='ocrx_word' id='word_1_162' title='bbox 989 2568 1191 2656; x_wconf 90' lang='grc' dir='ltr'><strong><em>πράγματα,</em></strong></span> <span class='ocrx_word' id='word_1_163' title='bbox 1223 2595 1334 2636; x_wconf 91' lang='lat' dir='ltr'>verum</span> <span class='ocrx_word' id='word_1_164' title='bbox 1366 2576 1461 2636; x_wconf 92' lang='lat' dir='ltr'>etiam</span> <span class='ocrx_word' id='word_1_165' title='bbox 1485 2567 1542 2634; x_wconf 86' lang='grc' dir='ltr'>διά</span> <span class='ocrx_word' id='word_1_166' title='bbox 1566 2567 1644 2641; x_wconf 80' lang='grc' dir='ltr'><strong><em>τοὺς</em></strong></span> 
     </span>
     <span class='ocr_line' id='line_1_20' title="bbox 421 2674 1644 2762; baseline 0.002 -24"><span class='ocrx_word' id='word_1_167' title='bbox 421 2674 560 2762; x_wconf 86' lang='grc' dir='ltr'><strong><em>χρόνους</em></strong></span> <span class='ocrx_word' id='word_1_168' title='bbox 576 2680 642 2738; x_wconf 80' lang='grc' dir='ltr'><strong><em>τῶν</em></strong></span> <span class='ocrx_word' id='word_1_169' title='bbox 659 2674 887 2739; x_wconf 80' lang='grc' dir='ltr'><strong><em>διδασκαλιῶν</em></strong></span> <span class='ocrx_word' id='word_1_170' title='bbox 902 2681 1058 2742; x_wconf 87' lang='lat' dir='ltr'>dixerunt.</span> <span class='ocrx_word' id='word_1_171' title='bbox 1096 2679 1162 2743; x_wconf 86' lang='lat' dir='ltr'>Sed</span> <span class='ocrx_word' id='word_1_172' title='bbox 1179 2679 1241 2742; x_wconf 89' lang='lat' dir='ltr'>hoc</span> <span class='ocrx_word' id='word_1_173' title='bbox 1263 2682 1294 2742; x_wconf 93' lang='lat' dir='ltr'>in</span> <span class='ocrx_word' id='word_1_174' title='bbox 1318 2691 1496 2744; x_wconf 90' lang='lat' dir='ltr'>transcursu</span> <span class='ocrx_word' id='word_1_175' title='bbox 1512 2692 1644 2760; x_wconf 87' lang='lat' dir='ltr'>tangere</span> 
     </span>
     <span class='ocr_line' id='line_1_21' title="bbox 422 2784 1643 2871; baseline 0 -25"><span class='ocrx_word' id='word_1_176' title='bbox 422 2786 513 2847; x_wconf 90' lang='lat' dir='ltr'>volui.</span> <span class='ocrx_word' id='word_1_177' title='bbox 569 2784 741 2866; x_wconf 83' lang='lat' dir='ltr'>Agendum</span> <span class='ocrx_word' id='word_1_178' title='bbox 774 2795 880 2848; x_wconf 92' lang='lat' dir='ltr'>autem</span> <span class='ocrx_word' id='word_1_179' title='bbox 912 2796 979 2848; x_wconf 88' lang='lat' dir='ltr'>erat</span> <span class='ocrx_word' id='word_1_180' title='bbox 1011 2788 1051 2849; x_wconf 92' lang='lat' dir='ltr'>de</span> <span class='ocrx_word' id='word_1_181' title='bbox 1083 2787 1168 2848; x_wconf 89' lang='lat' dir='ltr'>vocis</span> <span class='ocrx_word' id='word_1_182' title='bbox 1204 2785 1320 2871; x_wconf 83' lang='grc' dir='ltr'><strong><em>δρᾶμα</em></strong></span> <span class='ocrx_word' id='word_1_183' title='bbox 1348 2788 1475 2869; x_wconf 85' lang='lat' dir='ltr'>propria</span> <span class='ocrx_word' id='word_1_184' title='bbox 1505 2788 1643 2869; x_wconf 88' lang='lat' dir='ltr'>quadam</span> 
     </span>
     <span class='ocr_line' id='line_1_22' title="bbox 422 2891 1644 2976; baseline -0.001 -22"><span class='ocrx_word' id='word_1_185' title='bbox 422 2891 663 2973; x_wconf 81' lang='lat' dir='ltr'>significatione,</span> <span class='ocrx_word' id='word_1_186' title='bbox 695 2913 790 2973; x_wconf 87' lang='lat' dir='ltr'>quam</span> <span class='ocrx_word' id='word_1_187' title='bbox 822 2895 916 2955; x_wconf 87' lang='lat' dir='ltr'>etiam</span> <span class='ocrx_word' id='word_1_188' title='bbox 940 2892 1123 2955; x_wconf 91' lang='lat' dir='ltr'>luculentius</span> <span class='ocrx_word' id='word_1_189' title='bbox 1150 2894 1266 2976; x_wconf 87' lang='lat' dir='ltr'>probat</span> <span class='ocrx_word' id='word_1_190' title='bbox 1289 2895 1399 2956; x_wconf 88' lang='lat' dir='ltr'>Dionis</span> <span class='ocrx_word' id='word_1_191' title='bbox 1423 2892 1644 2975; x_wconf 87' lang='lat' dir='ltr'>Chrysostomi</span> 
     </span>
     <span class='ocr_line' id='line_1_23' title="bbox 422 2993 1644 3083; baseline -0.002 -22"><span class='ocrx_word' id='word_1_192' title='bbox 422 2999 529 3062; x_wconf 89' lang='lat' dir='ltr'>locus:</span> <span class='ocrx_word' id='word_1_193' title='bbox 565 3000 620 3058; x_wconf 80' lang='grc' dir='ltr'>καὶ</span> <span class='ocrx_word' id='word_1_194' title='bbox 652 2993 725 3078; x_wconf 77' lang='grc' dir='ltr'>ἅμα</span> <span class='ocrx_word' id='word_1_195' title='bbox 750 2994 788 3060; x_wconf 83' lang='grc' dir='ltr'>οὐ</span> <span class='ocrx_word' id='word_1_196' title='bbox 809 2995 975 3070; x_wconf 86' lang='grc' dir='ltr'><strong><em>πολλάκις</em></strong></span> <span class='ocrx_word' id='word_1_197' title='bbox 1001 2997 1080 3069; x_wconf 76' lang='grc' dir='ltr'><strong><em>ἴσως</em></strong></span> <span class='ocrx_word' id='word_1_198' title='bbox 1104 2996 1123 3080; x_wconf 72' lang='grc' dir='ltr'>ἢ</span> <span class='ocrx_word' id='word_1_199' title='bbox 1148 2995 1311 3062; x_wconf 77' lang='grc' dir='ltr'><strong><em>οὐδέποτε</em></strong></span> <span class='ocrx_word' id='word_1_200' title='bbox 1334 3002 1383 3081; x_wconf 75' lang='grc' dir='ltr'><strong><em>τῷ</em></strong></span> <span class='ocrx_word' id='word_1_201' title='bbox 1417 2995 1520 3082; x_wconf 79' lang='grc' dir='ltr'><strong><em>αὐτῷ</em></strong></span> <span class='ocrx_word' id='word_1_202' title='bbox 1552 2995 1644 3083; x_wconf 85' lang='grc' dir='ltr'><strong><em>δρά-</em></strong></span> 
     </span>
     <span class='ocr_line' id='line_1_24' title="bbox 421 3100 1643 3192; baseline 0.003 -28"><span class='ocrx_word' id='word_1_203' title='bbox 421 3127 516 3186; x_wconf 89' lang='grc' dir='ltr'><strong><em>ματι</em></strong></span> <span class='ocrx_word' id='word_1_204' title='bbox 541 3100 881 3185; x_wconf 79' lang='grc' dir='ltr'><strong><em>ἀντηγωνίσαντο,</em></strong></span> <span class='ocrx_word' id='word_1_205' title='bbox 906 3106 958 3169; x_wconf 87' lang='lat' dir='ltr'>ubi</span> <span class='ocrx_word' id='word_1_206' title='bbox 981 3109 1025 3188; x_wconf 75' lang='grc' dir='ltr'><strong><em>τῷ</em></strong></span> <span class='ocrx_word' id='word_1_207' title='bbox 1052 3101 1141 3188; x_wconf 79' lang='grc' dir='ltr'><strong><em>αὐτῷ</em></strong></span> <span class='ocrx_word' id='word_1_208' title='bbox 1160 3106 1208 3192; x_wconf 89' lang='grc' dir='ltr'>δρ.</span> <span class='ocrx_word' id='word_1_209' title='bbox 1226 3128 1289 3169; x_wconf 96' lang='lat' dir='ltr'>non</span> <span class='ocrx_word' id='word_1_210' title='bbox 1306 3118 1354 3170; x_wconf 88' lang='lat' dir='ltr'>est</span> <span class='ocrx_word' id='word_1_211' title='bbox 1375 3103 1501 3171; x_wconf 88' lang='lat' dir='ltr'>‘eadem</span> <span class='ocrx_word' id='word_1_212' title='bbox 1518 3101 1643 3182; x_wconf 84' lang='lat' dir='ltr'>sabula&#39;,</span> 
     </span>
     <span class='ocr_line' id='line_1_25' title="bbox 422 3207 1376 3294; baseline 0.002 -20"><span class='ocrx_word' id='word_1_213' title='bbox 422 3214 479 3274; x_wconf 91' lang='lat' dir='ltr'>sed</span> <span class='ocrx_word' id='word_1_214' title='bbox 500 3207 653 3274; x_wconf 90' lang='lat' dir='ltr'>‘eiusdem</span> <span class='ocrx_word' id='word_1_215' title='bbox 678 3215 853 3294; x_wconf 87' lang='lat' dir='ltr'>argumenti</span> <span class='ocrx_word' id='word_1_216' title='bbox 876 3209 998 3276; x_wconf 71' lang='lat' dir='ltr'>fabula.³</span> <span class='ocrx_word' id='word_1_217' title='bbox 1374 3217 1376 3225; x_wconf 57' lang='lat'><strong>⁴</strong></span> 
     </span>
    </p>

    <p class='ocr_par' dir='ltr' id='par_1_7' title="bbox 420 3311 1646 4901">
     <span class='ocr_line' id='line_1_26' title="bbox 510 3311 1643 3405; baseline 0 -24"><span class='ocrx_word' id='word_1_218' title='bbox 510 3319 577 3381; x_wconf 90' lang='lat' dir='ltr'>lam</span> <span class='ocrx_word' id='word_1_219' title='bbox 608 3320 699 3400; x_wconf 86' lang='lat' dir='ltr'>igitur</span> <span class='ocrx_word' id='word_1_220' title='bbox 729 3341 801 3382; x_wconf 86' lang='lat' dir='ltr'>cum</span> <span class='ocrx_word' id='word_1_221' title='bbox 840 3322 896 3381; x_wconf 80' lang='grc' dir='ltr'>καὶ</span> <span class='ocrx_word' id='word_1_222' title='bbox 925 3315 1027 3391; x_wconf 78' lang='grc' dir='ltr'><strong><em>αὐτὸς</em></strong></span> <span class='ocrx_word' id='word_1_223' title='bbox 1058 3311 1134 3405; x_wconf 76' lang='grc' dir='ltr'><strong><em>ἦρξε</em></strong></span> <span class='ocrx_word' id='word_1_224' title='bbox 1173 3323 1232 3383; x_wconf 84' lang='grc' dir='ltr'><strong><em>τοῦ</em></strong></span> <span class='ocrx_word' id='word_1_225' title='bbox 1266 3320 1380 3405; x_wconf 87' lang='grc' dir='ltr'><strong><em>δρᾶμα</em></strong></span> <span class='ocrx_word' id='word_1_226' title='bbox 1411 3316 1497 3405; x_wconf 81' lang='grc' dir='ltr'><strong><em>πρὸς</em></strong></span> <span class='ocrx_word' id='word_1_227' title='bbox 1529 3319 1643 3404; x_wconf 84' lang='grc' dir='ltr'><strong><em>δρᾶμα</em></strong></span> 
     </span>
     <span class='ocr_line' id='line_1_27' title="bbox 421 3408 1642 3510; baseline 0.003 -24"><span class='ocrx_word' id='word_1_228' title='bbox 421 3422 647 3504; x_wconf 66' lang='grc' dir='ltr'><strong><em>ἀγωνίζεσθαι</em></strong></span> <span class='ocrx_word' id='word_1_229' title='bbox 678 3426 830 3507; x_wconf 86' lang='lat' dir='ltr'>significet</span> <span class='ocrx_word' id='word_1_230' title='bbox 860 3423 955 3510; x_wconf 90' lang='lat' dir='ltr'>‘apud</span> <span class='ocrx_word' id='word_1_231' title='bbox 988 3408 1125 3491; x_wconf 90' lang='lat' dir='ltr'>eundem</span> <span class='ocrx_word' id='word_1_232' title='bbox 1155 3430 1291 3510; x_wconf 91' lang='lat' dir='ltr'>primum</span> <span class='ocrx_word' id='word_1_233' title='bbox 1324 3429 1476 3491; x_wconf 88' lang='lat' dir='ltr'>invenitur</span> <span class='ocrx_word' id='word_1_234' title='bbox 1504 3427 1642 3490; x_wconf 83' lang='lat' dir='ltr'>fabulam</span> 
     </span>
     <span class='ocr_line' id='line_1_28' title="bbox 423 3531 1644 3618; baseline -0.002 -22"><span class='ocrx_word' id='word_1_235' title='bbox 423 3533 636 3615; x_wconf 86' lang='lat' dir='ltr'>(argumento)</span> <span class='ocrx_word' id='word_1_236' title='bbox 668 3534 824 3597; x_wconf 88' lang='lat' dir='ltr'>adversari</span> <span class='ocrx_word' id='word_1_237' title='bbox 852 3532 1003 3604; x_wconf 83' lang='lat' dir='ltr'>sabulae&#39;.</span> <span class='ocrx_word' id='word_1_238' title='bbox 1036 3545 1155 3598; x_wconf 87' lang='lat' dir='ltr'>restant</span> <span class='ocrx_word' id='word_1_239' title='bbox 1186 3536 1284 3597; x_wconf 89' lang='lat' dir='ltr'>verba</span> <span class='ocrx_word' id='word_1_240' title='bbox 1309 3531 1397 3595; x_wconf 90' lang='grc' dir='ltr'>ἀλλά</span> <span class='ocrx_word' id='word_1_241' title='bbox 1428 3531 1472 3615; x_wconf 82' lang='grc' dir='ltr'>μη</span> <span class='ocrx_word' id='word_1_242' title='bbox 1504 3550 1644 3618; x_wconf 90' lang='grc' dir='ltr'><strong><em>στρατο-</em></strong></span> 
     </span>
     <span class='ocr_line' id='line_1_29' title="bbox 422 3637 1642 3724; baseline 0.002 -24"><span class='ocrx_word' id='word_1_243' title='bbox 422 3637 601 3719; x_wconf 72' lang='grc' dir='ltr'><strong><em>λογεῖσάαι</em></strong></span> <span class='ocrx_word' id='word_1_244' title='bbox 634 3637 888 3724; x_wconf 59' lang='grc' dir='ltr'><strong><em>,στρατολογίαν</em></strong></span> <span class='ocrx_word' id='word_1_245' title='bbox 925 3645 1117 3716; x_wconf 85' lang='lat' dir='ltr'>deteriores).</span> <span class='ocrx_word' id='word_1_246' title='bbox 1170 3643 1221 3705; x_wconf 90' lang='lat' dir='ltr'>De</span> <span class='ocrx_word' id='word_1_247' title='bbox 1247 3639 1417 3705; x_wconf 88' lang='lat' dir='ltr'>‘exercitus</span> <span class='ocrx_word' id='word_1_248' title='bbox 1448 3637 1642 3705; x_wconf 87' lang='lat' dir='ltr'>collectione&#39;</span> 
     </span>
     <span class='ocr_line' id='line_1_30' title="bbox 422 3746 1645 3830; baseline -0.002 -19"><span class='ocrx_word' id='word_1_249' title='bbox 422 3757 508 3811; x_wconf 91' lang='lat' dir='ltr'>recte</span> <span class='ocrx_word' id='word_1_250' title='bbox 539 3747 710 3810; x_wconf 89' lang='lat' dir='ltr'>Meursium</span> <span class='ocrx_word' id='word_1_251' title='bbox 743 3769 875 3828; x_wconf 83' lang='lat' dir='ltr'>negasse</span> <span class='ocrx_word' id='word_1_252' title='bbox 914 3751 965 3830; x_wconf 85' lang='lat' dir='ltr'>agi</span> <span class='ocrx_word' id='word_1_253' title='bbox 995 3769 1090 3830; x_wconf 89' lang='lat' dir='ltr'>posse</span> <span class='ocrx_word' id='word_1_254' title='bbox 1121 3771 1184 3811; x_wconf 94' lang='lat' dir='ltr'>non</span> <span class='ocrx_word' id='word_1_255' title='bbox 1217 3759 1264 3811; x_wconf 89' lang='lat' dir='ltr'>est</span> <span class='ocrx_word' id='word_1_256' title='bbox 1294 3749 1383 3830; x_wconf 93' lang='lat' dir='ltr'>quod</span> <span class='ocrx_word' id='word_1_257' title='bbox 1414 3750 1525 3811; x_wconf 88' lang='lat' dir='ltr'>dicam.</span> <span class='ocrx_word' id='word_1_258' title='bbox 1578 3746 1645 3810; x_wconf 86' lang='lat' dir='ltr'>Sed</span> 
     </span>
     <span class='ocr_line' id='line_1_31' title="bbox 422 3851 1643 3938; baseline -0.001 -22"><span class='ocrx_word' id='word_1_259' title='bbox 422 3856 632 3936; x_wconf 89' lang='lat' dir='ltr'>reputandum</span> <span class='ocrx_word' id='word_1_260' title='bbox 650 3864 716 3917; x_wconf 88' lang='lat' dir='ltr'>erat</span> <span class='ocrx_word' id='word_1_261' title='bbox 727 3851 1032 3938; x_wconf 74' lang='grc' dir='ltr'><strong><em>στρατολογεῖσδαι</em></strong></span> <span class='ocrx_word' id='word_1_262' title='bbox 1049 3851 1313 3919; x_wconf 84' lang='lat' dir='ltr'>etiam‘bellandi&#39;</span> <span class='ocrx_word' id='word_1_263' title='bbox 1324 3857 1489 3918; x_wconf 86' lang='lat' dir='ltr'>notionem</span> <span class='ocrx_word' id='word_1_264' title='bbox 1505 3856 1643 3928; x_wconf 89' lang='lat' dir='ltr'>induere,</span> 
     </span>
     <span class='ocr_line' id='line_1_32' title="bbox 424 3960 1646 4043; baseline 0.001 -21"><span class='ocrx_word' id='word_1_265' title='bbox 424 3961 512 4043; x_wconf 92' lang='lat' dir='ltr'>quod</span> <span class='ocrx_word' id='word_1_266' title='bbox 535 3969 566 4022; x_wconf 91' lang='lat' dir='ltr'>et</span> <span class='ocrx_word' id='word_1_267' title='bbox 591 3960 739 4043; x_wconf 87' lang='lat' dir='ltr'>exempla</span> <span class='ocrx_word' id='word_1_268' title='bbox 762 3963 879 4024; x_wconf 93' lang='lat' dir='ltr'>docent</span> <span class='ocrx_word' id='word_1_269' title='bbox 902 3964 932 4026; x_wconf 93' lang='lat' dir='ltr'>in</span> <span class='ocrx_word' id='word_1_270' title='bbox 956 3963 1120 4026; x_wconf 90' lang='lat' dir='ltr'>Thesauro</span> <span class='ocrx_word' id='word_1_271' title='bbox 1144 3963 1286 4027; x_wconf 89' lang='lat' dir='ltr'>exhibita</span> <span class='ocrx_word' id='word_1_272' title='bbox 1308 3973 1341 4025; x_wconf 90' lang='lat' dir='ltr'>et</span> <span class='ocrx_word' id='word_1_273' title='bbox 1364 3962 1516 4043; x_wconf 86' lang='lat' dir='ltr'>Hesychii</span> <span class='ocrx_word' id='word_1_274' title='bbox 1538 3962 1646 4043; x_wconf 83' lang='lat' dir='ltr'>glossa</span> 
     </span>
     <span class='ocr_line' id='line_1_33' title="bbox 422 4063 1645 4154; baseline -0.001 -25"><span class='ocrx_word' id='word_1_275' title='bbox 422 4063 738 4154; x_wconf 68' lang='grc' dir='ltr'><strong><em>στρατολογήσαντι]</em></strong></span> <span class='ocrx_word' id='word_1_276' title='bbox 775 4065 1026 4152; x_wconf 80' lang='grc' dir='ltr'><strong><em>στρατεύσαντι.</em></strong></span> <span class='ocrx_word' id='word_1_277' title='bbox 1081 4071 1174 4133; x_wconf 88' lang='lat' dir='ltr'>Hanc</span> <span class='ocrx_word' id='word_1_278' title='bbox 1205 4091 1282 4133; x_wconf 92' lang='lat' dir='ltr'>vero</span> <span class='ocrx_word' id='word_1_279' title='bbox 1313 4069 1453 4133; x_wconf 88' lang='lat' dir='ltr'>bellandi</span> <span class='ocrx_word' id='word_1_280' title='bbox 1482 4070 1645 4132; x_wconf 89' lang='lat' dir='ltr'>notionem</span> 
     </span>
     <span class='ocr_line' id='line_1_34' title="bbox 422 4174 1643 4258; baseline -0.002 -21"><span class='ocrx_word' id='word_1_281' title='bbox 422 4177 516 4238; x_wconf 87' lang='lat' dir='ltr'>etiam</span> <span class='ocrx_word' id='word_1_282' title='bbox 539 4174 691 4237; x_wconf 87' lang='lat' dir='ltr'>translato</span> <span class='ocrx_word' id='word_1_283' title='bbox 715 4196 808 4238; x_wconf 92' lang='lat' dir='ltr'>sensu</span> <span class='ocrx_word' id='word_1_284' title='bbox 832 4179 972 4258; x_wconf 87' lang='lat' dir='ltr'>usurpari</span> <span class='ocrx_word' id='word_1_285' title='bbox 995 4177 1082 4240; x_wconf 89' lang='lat' dir='ltr'>locus</span> <span class='ocrx_word' id='word_1_286' title='bbox 1114 4179 1312 4240; x_wconf 90' lang='lat' dir='ltr'>demonstrat</span> <span class='ocrx_word' id='word_1_287' title='bbox 1335 4197 1355 4238; x_wconf 92' lang='lat' dir='ltr'>a</span> <span class='ocrx_word' id='word_1_288' title='bbox 1377 4177 1541 4239; x_wconf 90' lang='lat' dir='ltr'>Ludovico</span> <span class='ocrx_word' id='word_1_289' title='bbox 1565 4175 1643 4236; x_wconf 88' lang='lat' dir='ltr'>Din-</span> 
     </span>
     <span class='ocr_line' id='line_1_35' title="bbox 422 4277 1643 4365; baseline -0.002 -22"><span class='ocrx_word' id='word_1_290' title='bbox 422 4281 523 4343; x_wconf 86' lang='lat' dir='ltr'>dorfio</span> <span class='ocrx_word' id='word_1_291' title='bbox 554 4283 640 4363; x_wconf 91' lang='lat' dir='ltr'>apud</span> <span class='ocrx_word' id='word_1_292' title='bbox 680 4280 877 4364; x_wconf 86' lang='lat' dir='ltr'>Stephanum</span> <span class='ocrx_word' id='word_1_293' title='bbox 916 4285 1072 4346; x_wconf 89' lang='lat' dir='ltr'>excitatus</span> <span class='ocrx_word' id='word_1_294' title='bbox 1116 4305 1157 4346; x_wconf 87' lang='lat' dir='ltr'>ex</span> <span class='ocrx_word' id='word_1_295' title='bbox 1188 4283 1344 4346; x_wconf 90' lang='lat' dir='ltr'>Eustathii</span> <span class='ocrx_word' id='word_1_296' title='bbox 1384 4282 1558 4365; x_wconf 88' lang='lat' dir='ltr'>opusculis:</span> <span class='ocrx_word' id='word_1_297' title='bbox 1600 4277 1643 4343; x_wconf 88' lang='grc' dir='ltr'><strong><em>τά</em></strong></span> 
     </span>
     <span class='ocr_line' id='line_1_36' title="bbox 423 4379 1644 4476; baseline -0.002 -26"><span class='ocrx_word' id='word_1_298' title='bbox 423 4385 514 4450; x_wconf 79' lang='grc' dir='ltr'><strong><em>ἀλλα</em></strong></span> <span class='ocrx_word' id='word_1_299' title='bbox 527 4385 654 4464; x_wconf 87' lang='grc' dir='ltr'><strong><em>πάντα,</em></strong></span> <span class='ocrx_word' id='word_1_300' title='bbox 672 4385 715 4450; x_wconf 76' lang='grc' dir='ltr'>δι’</span> <span class='ocrx_word' id='word_1_301' title='bbox 735 4379 782 4449; x_wconf 82' lang='grc' dir='ltr'>ὧν</span> <span class='ocrx_word' id='word_1_302' title='bbox 798 4388 1133 4474; x_wconf 87' lang='grc' dir='ltr'><strong><em>στρατολογεῖται</em></strong></span> <span class='ocrx_word' id='word_1_303' title='bbox 1148 4397 1267 4472; x_wconf 76' lang='grc' dir='ltr'><strong><em>μῖσος</em></strong></span> <span class='ocrx_word' id='word_1_304' title='bbox 1284 4384 1506 4452; x_wconf 76' lang='grc' dir='ltr'><strong><em>ἀντίπαλον</em></strong></span> <span class='ocrx_word' id='word_1_305' title='bbox 1522 4383 1644 4476; x_wconf 88' lang='grc' dir='ltr'><strong><em>ἀγάπη,</em></strong></span> 
     </span>
     <span class='ocr_line' id='line_1_37' title="bbox 420 4496 1645 4579; baseline -0.002 -21"><span class='ocrx_word' id='word_1_306' title='bbox 420 4518 515 4578; x_wconf 91' lang='lat' dir='ltr'>quem</span> <span class='ocrx_word' id='word_1_307' title='bbox 543 4497 669 4579; x_wconf 89' lang='lat' dir='ltr'>quidem</span> <span class='ocrx_word' id='word_1_308' title='bbox 701 4496 864 4559; x_wconf 92' lang='lat' dir='ltr'>flosculum</span> <span class='ocrx_word' id='word_1_309' title='bbox 896 4518 1021 4560; x_wconf 89' lang='lat' dir='ltr'>mecum</span> <span class='ocrx_word' id='word_1_310' title='bbox 1061 4500 1177 4562; x_wconf 87' lang='lat' dir='ltr'>senties</span> <span class='ocrx_word' id='word_1_311' title='bbox 1214 4518 1278 4560; x_wconf 92' lang='lat' dir='ltr'>non</span> <span class='ocrx_word' id='word_1_312' title='bbox 1317 4499 1404 4560; x_wconf 91' lang='lat' dir='ltr'>domi</span> <span class='ocrx_word' id='word_1_313' title='bbox 1434 4506 1542 4560; x_wconf 91' lang='lat' dir='ltr'>natum</span> <span class='ocrx_word' id='word_1_314' title='bbox 1576 4513 1645 4558; x_wconf 90' lang='lat' dir='ltr'>esse</span> 
     </span>
     <span class='ocr_line' id='line_1_38' title="bbox 421 4603 1645 4688; baseline -0.001 -23"><span class='ocrx_word' id='word_1_315' title='bbox 421 4603 595 4666; x_wconf 82' lang='lat' dir='ltr'>Eustathio</span> <span class='ocrx_word' id='word_1_316' title='bbox 649 4604 715 4666; x_wconf 90' lang='lat' dir='ltr'>Iam</span> <span class='ocrx_word' id='word_1_317' title='bbox 746 4625 822 4667; x_wconf 90' lang='lat' dir='ltr'>vero</span> <span class='ocrx_word' id='word_1_318' title='bbox 852 4603 932 4667; x_wconf 93' lang='lat' dir='ltr'>hanc</span> <span class='ocrx_word' id='word_1_319' title='bbox 963 4607 987 4666; x_wconf 91' lang='lat' dir='ltr'>si</span> <span class='ocrx_word' id='word_1_320' title='bbox 1015 4615 1139 4688; x_wconf 88' lang='lat' dir='ltr'>spectas</span> <span class='ocrx_word' id='word_1_321' title='bbox 1167 4604 1442 4686; x_wconf 85' lang='lat' dir='ltr'>significationem,</span> <span class='ocrx_word' id='word_1_322' title='bbox 1479 4623 1584 4665; x_wconf 91' lang='lat' dir='ltr'>nonne</span> <span class='ocrx_word' id='word_1_323' title='bbox 1614 4603 1645 4663; x_wconf 90' lang='lat' dir='ltr'>in</span> 
     </span>
     <span class='ocr_line' id='line_1_39' title="bbox 420 4704 1646 4796; baseline -0.003 -24"><span class='ocrx_word' id='word_1_324' title='bbox 420 4710 530 4772; x_wconf 90' lang='lat' dir='ltr'>oculos</span> <span class='ocrx_word' id='word_1_325' title='bbox 553 4712 677 4773; x_wconf 90' lang='lat' dir='ltr'>incurrit</span> <span class='ocrx_word' id='word_1_326' title='bbox 701 4708 1007 4796; x_wconf 76' lang='grc' dir='ltr'><strong><em>στρατολογεῖσάαι</em></strong></span> <span class='ocrx_word' id='word_1_327' title='bbox 1041 4712 1151 4775; x_wconf 87' lang='lat' dir='ltr'>fortius</span> <span class='ocrx_word' id='word_1_328' title='bbox 1175 4733 1244 4774; x_wconf 87' lang='lat' dir='ltr'>esse</span> <span class='ocrx_word' id='word_1_329' title='bbox 1267 4713 1385 4774; x_wconf 85' lang='lat' dir='ltr'>dictum</span> <span class='ocrx_word' id='word_1_330' title='bbox 1409 4731 1504 4792; x_wconf 91' lang='lat' dir='ltr'>quam</span> <span class='ocrx_word' id='word_1_331' title='bbox 1530 4704 1646 4788; x_wconf 80' lang='grc' dir='ltr'><strong><em>ἀγωνί-</em></strong></span> 
     </span>
     <span class='ocr_line' id='line_1_40' title="bbox 423 4815 1645 4901; baseline -0.001 -23"><span class='ocrx_word' id='word_1_332' title='bbox 423 4816 562 4892; x_wconf 72' lang='grc' dir='ltr'><strong><em>ζεσθαι,</em></strong></span> <span class='ocrx_word' id='word_1_333' title='bbox 587 4819 767 4900; x_wconf 92' lang='lat' dir='ltr'>opponique</span> <span class='ocrx_word' id='word_1_334' title='bbox 790 4840 848 4901; x_wconf 91' lang='lat' dir='ltr'>per</span> <span class='ocrx_word' id='word_1_335' title='bbox 869 4819 932 4882; x_wconf 90' lang='lat' dir='ltr'>hoc</span> <span class='ocrx_word' id='word_1_336' title='bbox 954 4820 1088 4882; x_wconf 90' lang='lat' dir='ltr'>verbum</span> <span class='ocrx_word' id='word_1_337' title='bbox 1110 4821 1241 4882; x_wconf 88' lang='lat' dir='ltr'>tacitam</span> <span class='ocrx_word' id='word_1_338' title='bbox 1265 4817 1433 4901; x_wconf 87' lang='lat' dir='ltr'>Sophoclis</span> <span class='ocrx_word' id='word_1_339' title='bbox 1456 4815 1645 4879; x_wconf 90' lang='lat' dir='ltr'>adversandi</span> 
     </span>
    </p>
   </div>
   <div class='ocr_carea' id='block_1_6' title="bbox 0 0 1858 5876">
    <p class='ocr_par' dir='ltr' id='par_1_8' title="bbox 0 0 1858 5876">
     <span class='ocr_line' id='line_1_41' title="bbox 0 0 1858 5876; baseline 0 0"><span class='ocrx_word' id='word_1_340' title='bbox 0 0 1858 5876; x_wconf 95' lang='lat' dir='ltr'> </span> 
     </span>
    </p>
   </div>
  </div>
 </body>
</html>
