3706 5876
940 573 1156 634 ..52„„

440 725 560 812 habere
583 749 807 825 testimonium,
829 749 936 812 videat
959 750 1155 826 Dindorfius‚
1178 772 1218 814 ne
1241 750 1291 814 vel
1314 751 1404 814 nimis
1427 750 1577 815 disertum
1601 752 1663 815 sibi

440 859 578 934 finxerit,
609 859 696 939 quod
728 878 765 919 ea
793 858 960 932 edisserat,
988 879 1069 940 quae
1099 879 1139 920 ne
1163 880 1205 920 ex
1232 859 1326 941 ipsius
1356 860 1484 940 quidem
1508 861 1664 922 sententia

440 974 524 1029 stare
546 967 676 1047 possint.
723 963 809 1046 Quid
832 963 940 1027 enim?
968 986 1073 1027 nonne
1097 968 1211 1029 eodem
1234 966 1323 1041 locu,
1347 965 1400 1028 ubi
1423 965 1501 1029 haec
1523 965 1663 1049 protulit,

440 1082 526 1136 recte
561 1072 744 1155 explanavit
775 1071 943 1154 Thespidis
974 1072 1170 1154 temporibus
1204 1072 1320 1135 nullam
1351 1071 1443 1135 fuisse
1482 1069 1663 1152 ἐναγώνιον

442 1174 592 1260 ἅμιλλαν
614 1200 716 1261 neque
745 1180 866 1242 disertis
887 1179 1007 1242 dehac
1030 1201 1064 1242 re
1086 1180 1271 1243 testimoniis
1291 1179 1512 1261 Aristophanis
1535 1180 1664 1242 obstare

439 1282 575 1372 τάρχαῖ’
595 1282 691 1348 ἐκεῖν’
716 1277 775 1356 οἷς
794 1289 916 1356 θέσπις
937 1281 1120 1366 ἠγωνίζετο,
1144 1289 1195 1368 qui
1219 1309 1261 1350 ex
1273 1307 1349 1350 suae
1372 1288 1483 1350 aetatis
1506 1307 1595 1348 more
1619 1288 1664 1350 ita

440 1394 582 1458 diceret?
605 1395 706 1477 Atqui
719 1394 913 1474 Phrynichus
926 1388 1011 1477 πρὸς
1030 1397 1154 1456 θέσπιν
1169 1396 1226 1455 καί
1243 1391 1405 1479 Χοιρίλον
1422 1389 1661 1474 ἀγωνιζόμενος

440 1503 590 1565 traditur!
617 1501 727 1584 Itaque
743 1503 830 1584 quod
846 1511 878 1564 et
894 1501 1053 1564 Nauckius
1068 1502 1215 1584 probavit
1236 1511 1268 1564 et
1283 1523 1383 1584 nuper
1397 1501 1514 1565 sodalis
1529 1503 1659 1583 quidam

440 1629 529 1670 meus
545 1608 713 1690 Lipsiensis
736 1609 766 1671 in
780 1607 871 1670 Actis
894 1609 1051 1672 societatis
1074 1617 1201 1672 nostrae
1225 1608 1405 1691 philologae
1430 1611 1470 1671 de
1494 1607 1662 1691 Sophoclis

439 1715 658 1798 Euripidisque
681 1724 785 1778 morte
809 1715 991 1778 doctissime
1015 1725 1047 1778 et
1068 1715 1267 1780 subtilissime
1284 1717 1445 1798 disputans
1459 1715 1661 1778 Dindorfium

438 1823 543 1905 posuit
556 1817 653 1886 ‘recte
668 1823 734 1886 sine
750 1817 978 1886 controversia'
998 1824 1174 1898 coniecisse,
1198 1825 1230 1886 id
1246 1844 1309 1885 non
1325 1824 1447 1885 minore
1470 1822 1662 1886 confidentia

439 1931 501 1993 iam
525 1930 616 1992 certis
647 1930 731 1993 nisus
755 1931 947 2011 argumentis
977 1931 1042 1992 sine
1075 1931 1289 1993 controversia
1316 1929 1427 1993 falsum
1457 1950 1525 1992 esse
1548 1931 1660 1992 iudico

439 2036 548 2100 Verba
561 2045 668 2100 autem
681 2034 807 2122 ἔγραψε
824 2033 1056 2118 καταλογάδην
1072 2038 1151 2121 περὶ
1167 2038 1225 2098 τοῦ
1241 2038 1341 2121 χοροῦ
1359 2031 1445 2122 πρὸς
1463 2039 1586 2098 θέσπιν
1602 2037 1660 2096 καὶ

439 2140 602 2227 Χοιρίλον
616 2139 857 2223 ἀγωνιζόμενος
868 2165 908 2206 ne
919 2154 1052 2226 possunt
1064 2145 1192 2226 quidem
1206 2143 1293 2207 aliter
1306 2144 1404 2226 accipi
1416 2164 1512 2227 quam
1520 2143 1660 2206 Naekius

438 2251 551 2334 Tuque
559 2252 625 2334 ipse
635 2252 805 2333 accepistis
818 2272 934 2333 nempe
949 2253 989 2314 de
1004 2252 1214 2334 disputatione
1227 2260 1337 2315 contra
1349 2252 1539 2332 antiquiores
1546 2261 1660 2332 poetas

439 2361 539 2422 edita:
572 2359 661 2440 quod
692 2360 917 2440 grammaticos
937 2357 1071 2421 voluisse
1102 2368 1223 2421 certum
1254 2368 1317 2433 est,
1347 2360 1490 2440 quamvis
1521 2359 1561 2420 de
1592 2359 1661 2440 ipsa

439 2465 605 2548 Sophoclis
621 2466 788 2548 scriptione
809 2486 925 2547 anceps
940 2466 980 2528 sit
1000 2466 1154 2528 iudicium.
1186 2465 1285 2528 Verbi
1308 2475 1415 2528 autem
1430 2459 1659 2543 ἀγωνίζεσθαι

438 2573 487 2634 hic
510 2593 583 2635 usus
599 2572 649 2635 vel
665 2573 805 2636 maxime
820 2573 1005 2655 conspicuus
1028 2582 1076 2636 est
1096 2574 1127 2635 in
1142 2572 1256 2636 talibus
1271 2572 1548 2647 coniunctionibus,
1573 2571 1660 2634 velut

438 2674 632 2758 ἀγωνιεῖται
657 2678 692 2740 δὲ
716 2681 772 2740 καί
796 2675 995 2764 κριθήσεται
1018 2682 1103 2763 apud
1123 2679 1392 2752 Demosthenem,
1424 2671 1660 2760 ἀγωνιζόμενοι

438 2786 493 2846 καὶ
518 2783 845 2865 διαφιλονεικοῦντες
873 2787 957 2869 apud
980 2787 1205 2863 Aristotelem,
1236 2787 1362 2862 similia;
1394 2807 1491 2869 porro
1520 2786 1590 2848 vide
1617 2788 1659 2847 sis

438 2895 525 2974 quod
553 2914 648 2976 supra
678 2893 766 2956 attuli
789 2894 928 2975 Lycurgi
955 2893 1168 2975 fragmentum
1198 2888 1276 2964 τοὺς
1307 2891 1437 2977 ἑτέρους
1468 2888 1659 2977 τραγῳδοὺς

439 2996 641 3078 ἀγωνιεῖται.

526 3108 592 3170 lam
609 3128 685 3169 vero
701 3107 862 3176 Usenerus
886 3130 958 3172 cum
982 3110 1043 3170 iam
1067 3118 1161 3171 antea
1185 3109 1315 3172 dixisset
1336 3103 1435 3170 ‘kann
1459 3107 1541 3170 auch
1564 3127 1657 3169 ver-

437 3216 659 3294 nr'r'nstz'ger
688 3213 817 3276 Wez'se
846 3214 918 3277 ἀνία
941 3213 1080 3294 Zweifel
1107 3214 1186 3277 tiber
1205 3215 1258 3277 die
1280 3214 1447 3278 wr'rklz'clze
1469 3214 1661 3295 Bedeutung

436 3322 544 3384 dieser
564 3321 803 3402 ungescln'ckten
828 3321 930 3384 Worte
946 3316 1114 3398 bestelzerss,
1138 3343 1218 3386 mox
1238 3317 1421 3404 ‘egregiam'
1447 3343 1543 3404 quam
1566 3333 1659 3404 putat

437 3430 549 3492 Naekii
570 3431 783 3492 coniecturam
815 3425 1096 3513 τετραλογεῖσδαι
1120 3429 1288 3511 amplexus
1311 3429 1406 3492 etiam
1430 3424 1658 3508 ἀγωνίζεσθαι

437 3538 623 3600 mutandum
647 3557 716 3598 esse
745 3537 775 3598 in
800 3534 1011 3619 διορίζεσθαι
1034 3537 1206 3619 proposuit.
1255 3535 1301 3598 At
1326 3537 1383 3598 etsi
1405 3536 1577 3618 periculum
1600 3546 1658 3612 est,

437 3664 476 3706 ne
506 3644 537 3705 in
569 3644 745 3705 dementiae
776 3645 893 3705 crimen
928 3664 1025 3724 penes
1062 3643 1148 3705 illum
1187 3643 1335 3717 incidam,
1365 3653 1473 3706 tamen
1503 3643 1659 3727 profiteor

437 3749 512 3812 mihi
536 3771 599 3812 non
622 3751 722 3811 modo
746 3749 786 3810 ab
810 3751 896 3812 omni
920 3751 1040 3813 ratione
1063 3748 1234 3812 abhorrere
1257 3750 1370 3825 videri,
1394 3751 1419 3812 si
1442 3752 1510 3831 quis
1533 3752 1576 3813 ita
1599 3751 1659 3812 sibi

436 3857 650 3920 testimonium
675 3855 795 3930 efficiat,
820 3867 854 3918 ut
877 3862 914 3918 e'a
937 3856 1049 3932 verba,
1072 3858 1102 3918 in
1125 3857 1238 3937 quibus
1261 3857 1334 3938 ipsis
1358 3858 1459 3918 omnis
1483 3859 1659 3919 sententiae

437 3967 483 4026 vis
500 3974 532 4027 et
548 3964 685 4046 gravitas
701 3965 805 4045 posita
820 3972 877 4039 est,
901 3964 1044 4026 violentis
1064 3985 1101 4026 ac
1117 3965 1288 4026 temerariis
1304 3964 1488 4026 coniecturis
1504 3965 1659 4038 immutet,

437 4092 545 4134 verum
589 4073 683 4134 etiam
727 4065 910 4152 ‘egregium'
949 4069 1022 4132 illud
1057 4067 1340 4154 τετραλογεῖσθαι
1382 4091 1514 4152 peccare
1559 4071 1658 4133 videri

436 4187 547 4240 contra
584 4187 685 4240 certas
719 4177 806 4259 leges
842 4176 1080 4241 formandorum
1128 4179 1157 4239 in
1192 4177 1297 4258 lingua
1333 4197 1447 4258 graeca
1477 4176 1657 4239 verborum.

436 4285 563 4348 Etenim
594 4287 673 4347 sicut
705 4283 946 4366 κωμῳδεῖσθαι
982 4295 1014 4347 et
1044 4283 1292 4368 τρογιρδεῖσδαι
1325 4305 1390 4346 non
1425 4305 1445 4345 a
1477 4282 1657 4368 τραγῳδία,

436 4389 593 4474 κωμῳδία
609 4392 713 4454 verbis
729 4393 870 4454 derivata
885 4405 964 4464 sunt,
986 4393 1042 4454 sed
1058 4412 1077 4453 a
1091 4386 1271 4474 τραγῳδός,
1288 4386 1446 4472 κωμῳδός
1463 4427 1504 4436 -
1521 4392 1552 4453 id
1568 4394 1657 4472 quod

437 4500 531 4562 etiam
555 4500 622 4581 ipsa
649 4497 874 4580 significatione
905 4499 1036 4581 ipsoque
1066 4519 1123 4560 usu
1153 4498 1380 4581 comprobatur
1403 4487 1445 4542 -'-
1469 4498 1512 4560 ita
1541 4519 1656 4581 τετρα-

436 4602 615 4684 λογείσδαι
645 4605 821 4668 derivatum
850 4616 935 4668 esset
965 4627 983 4667 a
1011 4602 1227 4689 τετράλογος,
1255 4606 1344 4686 quod
1374 4603 1456 4667 nihili
1488 4615 1542 4666 est.
1588 4604 1657 4667 lam

378 4720 380 4724 '
436 4724 470 4775 ut
490 4734 508 4775 a
531 4715 724 4796 μεσημβρία
745 4733 809 4774 non
824 4713 1028 4795 μεσημβρεῖν
1044 4699 1139 4788 venit,¹
1161 4714 1218 4774 sed
1240 4707 1512 4795 μεσημβριάζειν,
1533 4727 1657 4793 μεσημ-

435 4819 580 4905 βρίζειν,
604 4819 644 4882 ab
670 4814 828 4898 ἀγώνιος,
849 4813 983 4915 Ιἀγωνία
1006 4840 1070 4882 non
1094 4813 1235 4898 ἀγωνεῖν
1258 4822 1315 4883 sed
1340 4814 1507 4898 ἀγωνιᾶν,
1539 4814 1656 4897 ἀγωνί-
