3706 5876
943 568 1165 628 ..12-

438 743 524 823 (inde
547 745 587 809 id.
611 743 726 810 Suidas
750 755 783 808 et
805 745 1031 826 grammaticus
1054 745 1188 807 Bekkeri
1211 764 1241 825 p.
1266 745 1343 821 443)
1371 744 1475 806 verbis
1500 738 1670 822 ἐντούτῳ,

438 854 532 933 φασί,
557 851 702 932 δημοσίᾳ
724 847 855 922 πάντες
879 847 1014 931 ὤμνυον
1024 847 1193 932 Ἀθηναῖοι
1214 847 1271 912 τὸν
1289 844 1389 933 ὅρκον
1404 845 1462 911 τὸν
1477 845 1672 930 ἡλιαστικόν

437 980 502 1022 non
527 960 568 1022 de
591 959 765 1040 antiquiore
791 960 896 1021 nescio
919 980 983 1040 quo
1000 961 1143 1021 instituto
1159 959 1276 1033 testari,
1292 957 1348 1020 sed
1364 967 1485 1020 temere
1500 959 1541 1018 ad
1557 978 1671 1020 omnes

438 1065 651 1129 Athenienses
675 1064 791 1128 referre
816 1068 904 1148 quod
932 1066 1157 1128 tantummodo
1181 1066 1222 1127 de
1246 1086 1304 1127 sex
1328 1063 1451 1127 milibus
1467 1063 1670 1127 heliastarum

436 1182 523 1236 sorte
545 1173 716 1253 quotannis
741 1182 911 1254 captorum
935 1171 1028 1248 valet,
1053 1182 1085 1234 et
1108 1193 1157 1234 res
1174 1180 1330 1233 monstrat
1346 1180 1378 1234 et
1393 1171 1524 1234 aliorum
1541 1172 1669 1234 testium

439 1281 645 1360 comparatio
656 1278 676 1356 ¹)

525 1385 642 1448 Mirum
673 1384 833 1467 prolecto,
872 1387 925 1468 qui
962 1385 1088 1449 Solonis
1124 1387 1216 1448 istam
1251 1383 1407 1447 heliaeam
1437 1385 1479 1447 ad
1514 1385 1671 1465 euthynas

437 1493 613 1572 exigendas
644 1512 685 1554 ex
725 1493 845 1554 civibus
884 1492 1031 1555 omnibus
1067 1501 1210 1574 paratam
1242 1493 1382 1574 cupidius
1420 1511 1517 1572 quam
1554 1489 1671 1554 felicius

437 1597 642 1673 effinxerunt,
674 1598 805 1661 eosdem
843 1620 908 1661 non
944 1601 1099 1680 antiquius
1131 1599 1278 1661 habuisse
1316 1619 1482 1680 quaerere,
1513 1617 1670 1680 quaenam

437 1705 548 1786 quinto
571 1714 727 1786 quartove
751 1705 879 1768 saeculo
903 1705 1116 1786 euthynarum
1140 1704 1243 1768 forma
1266 1714 1298 1768 et
1321 1706 1465 1768 condicio
1488 1704 1598 1768 luerit:
1630 1705 1671 1766 de

437 1812 522 1874 cuius
553 1812 664 1874 aetatis
697 1812 844 1874 institutis
868 1814 981 1874 certius
1004 1813 1161 1875 iudicandi
1197 1832 1239 1874 ex
1268 1811 1406 1874 lontibus
1430 1812 1521 1894 copia
1543 1811 1672 1873 abunde

437 1916 521 1980 facta
544 1927 600 1980 est.
647 1918 790 1981 Praestat
817 1919 910 1993 enim,
934 1920 1054 2000 opinor,
1088 1939 1107 1980 a
1128 1919 1211 1981 notis
1236 1928 1267 1981 et
1291 1919 1407 1981 diserte
1430 1919 1552 1980 testatis
1575 1915 1669 1999 profi-

439 2024 526 2099 cisci,
558 2025 642 2088 unde
674 2026 714 2086 de
746 2026 873 2087 incertis
897 2033 929 2086 et
953 2025 1175 2088 remotioribus
1203 2025 1415 2089 coniecturam
1440 2045 1553 2106 capere
1576 2025 1671 2086 tutius

437 2130 546 2206 liceat,
577 2151 674 2212 quam
705 2133 888 2212 praecipere
921 2132 1067 2213 opinione
1090 2152 1172 2212 quae
1203 2131 1310 2194 solidis
1334 2133 1527 2212 argumentis
1551 2116 1672 2192 munire

438 2257 584 2318 nequeas
631 2236 718 2320 Quid
742 2239 857 2318 igitur?
903 2238 990 2300 Num
1014 2239 1109 2301 etiam
1133 2237 1256 2300 Periclis
1280 2247 1323 2308 et,
1340 2237 1566 2300 Demosthenis
1590 2247 1669 2299 tem-

437 2344 567 2426 poribus
606 2345 809 2425 magistratus
851 2364 960 2407 coram
1000 2346 1145 2407 universo
1184 2343 1305 2427 populo
1344 2346 1499 2407 rationem
1537 2345 1671 2406 reddere

438 2450 549 2514 solitos
580 2451 800 2513 censebimus?
842 2451 879 2514 ld
907 2451 993 2513 haud
1024 2459 1207 2514 cunctanter
1238 2451 1374 2513 affirmat
1406 2449 1578 2514 Onckenus
1590 2477 1597 2524 ;
1630 2451 1672 2512 de

438 2557 637 2638 praetoribus
668 2556 782 2619 saltem
816 2557 901 2620 haud
932 2578 1003 2619 raro
1034 2555 1153 2618 lactum
1182 2578 1251 2619 esse
1274 2559 1371 2619 innuit
1394 2557 1489 2620 Aem.
1513 2555 1672 2632 MlllleruS,

440 2662 595 2750 exemplis
626 2663 676 2725 ille
707 2665 837 2745 quidem
869 2684 943 2725 usus
973 2663 1218 2744 haudquaquam
1250 2664 1379 2726 idoneis.
1425 2663 1553 2726 Etenim
1584 2665 1672 2744 quod

440 2769 593 2850 Ergocles
624 2768 817 2850 Thrasybuli
848 2771 966 2832 amicus
1011 2771 1166 2833 contionis
1190 2771 1343 2852 suffragiis
1366 2769 1516 2852 supplicio
1540 2769 1671 2833 affectus

440 2896 510 2938 esse
532 2875 629 2939 fertur
640 2880 673 2952 ²),
697 2897 762 2940 non
790 2879 831 2939 de
855 2877 1000 2958 euthynis
1014 2879 1230 2959 accipiendum
1247 2886 1303 2952 est,
1320 2897 1429 2940 verum
1447 2878 1489 2939 de
1506 2875 1672 2957 eisangelia

440 2992 473 3044 et
496 2983 610 3045 iudicio
634 2984 743 3066 populi
766 2985 832 3046 sive
856 2984 1102 3066 compendiario,
1125 2983 1217 3065 quale
1241 2993 1308 3046 tum
1332 2985 1507 3046 secundum
1531 2982 1672 3046 Cannoni

440 3088 638 3169 plebiscitum
682 3090 898 3172 competebat,
938 3091 1003 3152 sive
1034 3091 1252 3165 tumultuario,
1291 3090 1384 3171 quale
1414 3092 1456 3152 ad
1487 3089 1670 3170 exemplum

440 3193 599 3259 funestum
629 3217 687 3258 sex
711 3206 894 3278 praetorum
922 3206 997 3277 post
1019 3216 1160 3278 pugnam
1184 3197 1226 3259 ad
1249 3196 1441 3278 Arginussas
1464 3197 1670 3259 iudicatorum

441 3303 556 3365 institui
583 3311 710 3385 poterat
718 3305 751 3378 ³).
799 3302 914 3364 Pollux
941 3323 1018 3364 vero
1042 3303 1119 3365 Vlll
1144 3305 1184 3366 88
1209 3304 1289 3365 inter
1312 3323 1361 3366 res
1384 3302 1669 3366 thesmothetarum

441 3409 641 3483 iurisdictioni
665 3409 822 3474 subiectas
845 3419 1028 3491 praetorum
1052 3430 1180 3491 quoque
1197 3409 1353 3490 euthynas
1370 3429 1557 3472 enumerans
1580 3408 1672 3491 plane

442 3517 633 3578 contrarium
656 3516 779 3597 probat.

443 3741 530 3790 parum
549 3734 662 3778 accurate
681 3728 775 3777 locutus
789 3744 841 3777 esse
853 3714 971 3780 videatur.
1009 3729 1103 3778 Contra
1125 3723 1297 3796 δικαστήριον
1317 3729 1349 3776 ab
1362 3728 1412 3777 ullo
1425 3743 1541 3792 umquam
1554 3729 1673 3792 scriptore

443 3820 524 3864 vetere
543 3822 600 3864 ante
618 3817 796 3880 imperatorum
809 3817 980 3880 Romanorum
998 3823 1111 3882 tempora
1124 3817 1191 3865 aliud
1210 3818 1256 3865 nisi
1276 3817 1384 3866 iudicum
1403 3817 1535 3881 collegium
1555 3815 1673 3881 appellari

443 3903 504 3952 olim
523 3909 588 3954 recte
606 3907 706 3968 negavit
726 3905 886 3954 Schoemaun
904 3906 936 3955 de
948 3907 1054 3955 comitiis
1073 3907 1133 3958 Ath.
1152 3922 1177 3970 p.
1198 3904 1231 3958 69
1252 3906 1273 3954 Ε
1293 3922 1328 3974 sq.

534 3992 560 4060 1)
579 3993 666 4044 Pollux
684 3993 745 4042 VIII
764 3993 825 4047 122.
857 3995 935 4045 Bekk.
954 3996 1050 4045 Anecd.
1070 4012 1094 4059 p.
1109 3993 1170 4047 207.
1190 3993 1251 4049 443.
1282 3995 1322 4045 Et.
1342 3995 1377 4045 M.
1397 4012 1422 4058 p.
1442 3993 1502 4047 147.
1523 3995 1554 4045 cl.
1568 3995 1673 4044 Wester·

442 4097 518 4130 mann
543 4082 574 4130 de
598 4082 655 4130 iuris
681 4083 778 4131 iurandi
803 4083 911 4132 iudicum
941 4064 1000 4134 Ath.
1026 4083 1131 4132 formula
1154 4084 1166 4131 l
1193 4081 1272 4150 (Lips.
1291 4081 1371 4150 1858)
1397 4101 1422 4148 ρ.
1442 4081 1466 4136 8.
1504 4084 1596 4133 Omnia
1615 4099 1673 4132 con-

442 4169 521 4218 fundit
545 4171 721 4234 grammaticus
749 4171 827 4223 Bekk.
854 4175 901 4224 An.
926 4189 952 4236 p.
978 4171 1030 4225 310
1061 4189 1084 4223 v.
1108 4168 1225 4230 Ἡλιαία,
1251 4172 1283 4222 de
1306 4189 1354 4236 quo
1380 4173 1429 4224 vid.
1450 4173 1608 4222 Schoemaun
1634 4171 1673 4219 die

449 4257 758 4323 Versarsungsgeschiclzte
778 4260 874 4308 Athens
892 4277 916 4325 p.
937 4259 980 4316 37.

531 4345 559 4409 2]
578 4349 669 4412 Lysiae
687 4364 724 4402 or.
750 4345 787 4401 28
804 4352 839 4414 (a.
860 4346 938 4412 389);
960 4347 994 4402 29
1020 4348 1080 4413 52.
1101 4347 1142 4404 12.
1179 4349 1299 4399 Eiusdem
1317 4351 1414 4414 generis
1432 4349 1476 4398 suit
1500 4350 1627 4399 Timothei
1651 4354 1674 4398 et

442 4437 587 4486 Antimachi
606 4437 734 4486 damnatio
755 4453 777 4489 a.
790 4435 869 4502 ¹373:
891 4436 986 4504 [Dem]
1006 4436 1049 4504 49,
1070 4436 1085 4489 9
1104 4454 1140 4502 sq.

531 4523 559 4591 3)
579 4525 611 4581 cl.
624 4526 654 4577 L.
667 4527 695 4578 F.
708 4526 804 4575 Herbst
822 4526 862 4574 die
881 4527 1000 4575 Schlacht
1017 4527 1054 4576 bei
1072 4527 1119 4576 den
1133 4528 1278 4592 Arginusm
1295 4528 1399 4590 (Hambz
1414 4525 1494 4585 1855)
1508 4545 1532 4592 p.
1547 4526 1579 4580 51
1593 4544 1617 4579 n.
1631 4525 1674 4579 70.

440 4612 474 4666 45
499 4631 524 4666 n.
549 4612 592 4666 62.
629 4614 671 4664 Ad
693 4615 807 4664 Cannoui
832 4615 987 4679 plebiscitum
1013 4617 1134 4680 respicere
1158 4617 1228 4666 dicas
1254 4625 1411 4681 praeceptum
1441 4618 1466 4664 in
1492 4617 1562 4666 titulo
1586 4616 1675 4680 insigni

440 4717 489 4766 quo
513 4709 610 4752 senatus
637 4704 769 4753 auctoritas
793 4704 905 4752 definitur
929 4705 987 4753 CIA
1006 4705 1018 4752 l
1038 4703 1071 4756 57
1091 4706 1106 4754 l.
1127 4703 1160 4756 37
1188 4698 1263 4771 [ἄνευ
1288 4703 1335 4756 τοῦ
1355 4699 1442 4773 δήμου
1461 4709 1504 4756 τοῖ
1521 4700 1676 4767 Ἀθηναίων

439 4787 621 4858 πλη]θύοντος
639 4788 677 4860 μὴ
697 4785 768 4844 εἶναι
788 4787 962 4860 θοίν[α]τ[ο]ν
982 4793 1031 4858 (vel
1050 4793 1202 4859 aavazoiv)
1223 4833 1229 4844 .
1250 4832 1255 4843 .
1277 4832 1282 4843 .
1304 4833 1309 4844 .
