3706 5876
709 565 905 626 ,9-

186 731 261 803 εἶτα
286 738 440 819 ἐφίενται
464 740 513 810 εἰς
537 737 751 824 δικαστήριον
780 740 828 810 εἰς
852 738 912 802 ἕνα
933 742 989 800 καὶ
1013 742 1259 810 πεντακοσίους
1272 737 1305 824 ¹).
1340 741 1418 804 Inde

154 915 157 923 ,
185 849 321 929 primum
345 847 409 910 hoc
436 830 576 930 apparet,
608 847 827 929 quaecumque
858 848 899 910 de
929 849 989 910 isto
1022 847 1155 928 collegio
1186 849 1352 910 traduntur
1377 883 1416 893 -

185 952 226 1040 ut
242 953 394 1036 pleraque
416 975 500 1035 quae
522 955 564 1017 de
588 953 770 1017 Atticorum
794 953 890 1018 rebus
920 953 1052 1037 publicis
1083 954 1115 1016 in
1147 953 1255 1016 lexicis
1286 969 1416 1036 compa-

77 1067 79 1070 ’
182 1051 256 1158 1ρεαῐ
288 1097 329 1130 -,
362 1061 414 1123 uni
445 1061 553 1123 omnia
583 1061 693 1124 deberi
724 1060 906 1124 Aristotelis
937 1060 1018 1124 libro
1050 1062 1092 1124 de
1122 1060 1283 1142 republica
1313 1060 1416 1123 Athe·
1447 1119 1448 1124 ,

29 1167 32 1173 “
111 1219 112 1222 η
184 1155 347 1230 niensium.
401 1167 449 1229 Ibi
479 1167 687 1251 philosophus
715 1170 761 1231 'de
792 1167 901 1230 officiis
934 1169 993 1243 εἰς,
1029 1169 1072 1230 ad
1102 1187 1184 1248 quae
1215 1170 1417 1248 magistratus

174 1268 323 1354 'rationes
346 1273 461 1337 referre
484 1274 761 1338 administrationis
785 1275 972 1358 oportebat,
995 1273 1175 1356 singillatim
1199 1275 1417 1356 disputaverat

185 1391 281 1462 atque
303 1381 380 1464 quid
396 1391 480 1444 esset
497 1381 681 1444 discriminis
697 1381 827 1464 logistas
843 1383 923 1444 inter
939 1390 971 1444 et
987 1383 1146 1462 euthynos
1165 1391 1358 1463 exposuerat
1370 1382 1414 1458 ²):

186 1508 249 1569 qua
272 1489 469 1550 enarratione
492 1490 579 1569 quod
610 1491 747 1552 nuncin
777 1510 812 1551 re
843 1489 985 1559 omnium
1014 1489 1243 1551 intricatissima
1265 1508 1418 1563 caremus,

162 1667 165 1672 Ι
185 1614 282 1676 aegre
305 1615 381 1656 sane
408 1593 582 1657 ferendum.
622 1595 665 1657 Et
688 1595 762 1658 hinc
784 1597 914 1676 quidem
939 1606 1026 1659 recte
1048 1595 1228 1658 Boeckhius
1251 1594 1418 1658 affirmavit

185 1702 297 1763 decem
321 1721 500 1782 synegoros
524 1722 588 1763 non
611 1701 704 1765 licere
728 1704 860 1765 eosdem
891 1702 1074 1783 intellegere
1105 1711 1201 1783 atque
1234 1701 1413 1782 euthynos:

184 1809 279 1870 sumit
302 1816 410 1869 autem
441 1807 511 1870 illos
534 1803 632 1871 videri
664 1808 808 1891 publicos
831 1811 920 1890 quasi
951 1811 1127 1872 advocatos
1158 1808 1265 1883 fuisse,
1298 1809 1360 1889 qui,
1392 1809 1417 1870 si

185 1915 322 1978 rationes
351 1935 464 1997 parum
488 1914 713 1991 satisfacerent,
743 1917 774 1977 in
798 1916 911 1978 iudicio
936 1917 1093 1978 actionem
1118 1925 1228 1978 contra
1250 1916 1416 1996 magistra·

186 2030 254 2083 tum
279 2042 368 2083 reum
394 2022 591 2084 orationibus
614 2022 729 2084 habitis
752 2023 978 2100 adiuvarentssl.
1024 2021 1165 2085 Similem
1196 2021 1262 2084 fere
1293 2031 1416 2103 partem

190 2126 431 2192 Schoemannus
448 2129 491 2190 eis
508 2129 625 2190 tribuit:
653 2138 688 2190 ut
711 2149 805 2207 quem
829 2128 974 2210 logistae
988 2128 1102 2191 fraudis
1118 2149 1207 2191 reum
1223 2128 1254 2190 in
1269 2129 1416 2190 iudicium

194 2235 418 2310 deduxissent,
428 2244 593 2297 accusaret
610 2241 702 2316 funus
718 2256 759 2296 ex
776 2237 888 2297 decem
905 2237 1079 2316 synegoris,
1094 2255 1174 2316 quos
1199 2235 1242 2298 ob
1265 2235 1298 2297 id
1314 2236 1416 2316 ipsum

191 2340 322 2422 euthyni
345 2341 511 2404 adiunctos
535 2340 594 2403 sibi
617 2341 839 2420 habebant'4).
879 2341 1004 2405 Scilicet
1019 2343 1176 2404 eiusmodi
1199 2340 1337 2404 officium
1361 2341 1417 2403 viri

147 2509 156 2530 ,
189 2447 275 2509 docti
298 2448 478 2509 coniectura
500 2446 723 2524 informabant,
736 2449 828 2536 quod
849 2449 1058 2531 responderet
1079 2448 1162 2511 notis
1177 2447 1234 2510 illis
1249 2449 1416 2528 synegoris

186 2554 228 2615 ad
258 2551 385 2636 publica
414 2551 532 2617 delicta
562 2557 783 2637 persequenda
813 2555 943 2617 creatis:
984 2556 1061 2617 dum
1093 2556 1223 2616 nomina
1253 2554 1416 2616 conciliare

185 2642 323 2734 student,
346 2680 459 2742 parum
486 2670 629 2724 curantes
653 2670 685 2723 et
708 2663 752 2723 rei
776 2662 1019 2742 discrepantiam
1052 2670 1084 2723 et
1115 2662 1266 2723 disertam
1290 2660 1416 2722 Aristo·

186 2764 255 2827 telis
280 2765 503 2828 definitionem.
550 2767 677 2852 Etenim
701 2777 845 2830 oratores
868 2767 984 2850 publici
1007 2776 1136 2830 sortea
1167 2766 1287 2849 populo
1320 2768 1417 2830 creari

186 2889 300 2934 vereor
323 2881 357 2933 ut
373 2873 519 2955 cuiquam
536 2884 610 2956 apte
626 2874 811 2937 videantur:
839 2874 985 2953 euthynis
1006 2894 1083 2936 vero
1098 2883 1224 2956 praeter
1239 2893 1416 2936 assessores

188 2977 282 3040 binos
306 2979 417 3058 cuique
441 2979 583 3042 adlectos
621 3001 800 3062 synegoros
831 3000 960 3063 quoque
989 2990 1078 3043 sorte
1109 2981 1222 3042 ductos
1252 2989 1416 3061 tamquam

187 3085 353 3147 adiutores
377 3084 515 3148 adfuisse
537 3107 596 3148 nec
620 3088 753 3149 traditur
775 3107 834 3150 nec
857 3086 923 3149 veri
946 3087 1046 3148 simile
1062 3096 1111 3149 est
1122 3091 1156 3164 5).
1190 3087 1303 3168 Neque
1325 3087 1416 3167 quid-

190 3211 286 3272 quam
310 3191 501 3254 Aristoteles
523 3192 622 3256 habet
645 3195 687 3256 de
709 3193 836 3275 publica
858 3195 1075 3256 accusatione:
1101 3214 1211 3256 verum
1238 3185 1417 3274 ἀνάκρισιν

186 3299 428 3378 magistratuum
452 3298 547 3362 refert
570 3320 749 3381 synegoros
772 3321 834 3363 una
858 3320 930 3363 cum
959 3298 1080 3382 logistis
1109 3301 1285 3372 instituisse,
1316 3299 1414 3380 prius-

185 3423 282 3485 quam
306 3404 337 3464 in
365 3405 513 3466 iudicium
530 3407 838 3469 transmitterentur.
886 3406 935 3469 Ea
965 3427 1015 3469 res
1046 3407 1124 3487 quid
1154 3405 1212 3468 sibi
1243 3403 1318 3468 velit
1351 3423 1417 3485 quo

183 3649 239 3682 cum
253 3634 287 3682 ita
301 3634 392 3683 restitui
405 3634 514 3684 iuberet:
530 3634 575 3687 καὶ
590 3634 738 3702 [τούτοις
752 3634 937 3705 ἐβοήθουν]
952 3630 1025 3689 ἄλλοι
1041 3636 1083 3703 [τε
1102 3635 1160 3688 καὶ
1174 3633 1210 3700 dri
1226 3635 1281 3688 καὶ
1295 3633 1335 3703 οἱ)
1352 3631 1430 3688 δέκαΙ

182 3719 337 3794 συνήγοροι,
349 3719 446 3781 οἵτινες
458 3725 688 3796 συνανακρὶνουσι
700 3723 804 3783 τούτοις
819 3722 889 3794 [του
896 3746 910 3784 ς
921 3722 1051 3779 baenatii
1059 3725 1161 3792 νους]·
1175 3725 1221 3777 καὶ
1236 3721 1286 3794 [γᾶ
1294 3724 1318 3796 ρ]
1333 3721 1360 3776 οἱ
1369 3721 1418 3782 τὰς

183 3805 304 3869 εὐθύνας
322 3813 391 3868 ath
412 3813 459 3862 nisi
478 3814 545 3877 quod
563 3815 588 3862 in
607 3831 658 3878 seq.
678 3821 743 3867 recte
756 3811 951 3886 ἀνακρίνονται
965 3815 1032 3863 dedit
1051 3831 1097 3880 pro
1110 3810 1305 3886 ἀνακρίνοντες
1317 3814 1419 3867 codicis.

275 3900 300 3962 1)
321 3901 386 3950 adde
403 3902 519 3951 Photium
537 3919 556 3954 s.
576 3919 599 3954 v.
621 3899 780 3974 Συνῆγοροι·
799 3899 830 3955 οὐ
843 3900 932 3972 μόνον
944 3899 1035 3960 οἱτοῖς
1044 3900 1164 3961 ἰδιώταις
1182 3898 1418 3974 συναγορεύοντες,

184 3985 253 4040 ἀλλὰ
273 3989 320 4041 καὶ
340 3983 513 4062 ἄρχοντες
529 3987 723 4054 Ἀθήνησιν.

274 4077 301 4143 2)
320 4079 488 4144 Harpocratio
506 4098 529 4132 v.
549 4073 671 4134 εὔθυνον.
691 4098 713 4132 v.
734 4079 865 4150 λογισταί.
923 4089 925 4094 “

276 4165 302 4231 3)
323 4167 501 4221 Staatslzaush.
527 4171 553 4221 d.
576 4171 636 4220 Ata.
664 4170 677 4218 1
701 4167 769 4236 2723
796 4170 830 4219 id.
850 4171 913 4220 Mus.
933 4171 1002 4221 rhen.
1022 4167 1148 4237 1(1827)
1168 4187 1193 4234 p.
1213 4167 1254 4223 61.
1274 4167 1317 4222 85.
1355 4168 1417 4221 Sim.

138 4307 142 4312 ,
185 4255 216 4309 C.
235 4256 263 4306 F.
276 4255 412 4306 Hermann
431 4258 463 4308 de
482 4260 532 4308 iure
551 4263 575 4308 et
593 4265 657 4309 auct.
670 4259 782 4323 magistr.
801 4275 826 4323 p.
847 4257 880 4312 18
900 4275 925 4312 n.
943 4257 987 4312 46,
1007 4276 1032 4324 p.
1052 4257 1096 4310 19.
1117 4258 1159 4312 53.

273 4342 300 4410 4)
321 4346 405 4410 Antiq.
424 4347 468 4403 iur.
486 4347 555 4412 publ.
573 4364 598 4412 p.
618 4345 678 4399 241.
699 4347 822 4412 Opusc.1
846 4345 907 4400 294.
927 4348 966 4399 Cf.
986 4348 1064 4397 Meier
1082 4350 1134 4400 Art.
1148 4348 1219 4401 Proc.
1239 4365 1264 4412 p.
1283 4334 1342 4401 1'02.
1358 4346 1417 4403 220.

183 4431 282 4482 Platner
300 4434 325 4486 d.
345 4435 446 4484 process
464 4422 535 4488 u.'d.
554 4435 655 4500 Klagen
673 4437 684 4485 l
704 4434 765 4492 346.
803 4437 833 4489 C.
846 4437 875 4491 F.
889 4437 1017 4486 Hermann
1037 4437 1168 4488 Staatsalt.
1187 4439 1202 4498 ἐ
1221 4436 1283 4502 154,
1303 4436 1346 4490 15.
1381 4447 1385 4452 “

275 4520 301 4585 b)
326 4522 393 4572 Nam
419 4523 451 4579 G.
476 4525 613 4574 Hermanni
639 4525 782 4590 opinionem
803 4525 876 4591 (iiber
894 4525 983 4576 Herm
996 4525 1071 4588 Pros.
1086 4525 1195 4574 Bb'cklr's
1209 4525 1381 4592 Bebandlung
1391 4528 1416 4582 d.

181 4609 277 4673 grial.
290 4610 387 4662 Inschr.
406 4629 432 4677 p.
452 4611 515 4676 234)
536 4610 702 4686 συνηγόρους
721 4615 822 4666 eosdem
841 4614 897 4664 illos
915 4630 967 4664 esse
985 4630 1118 4664 assessores
1138 4613 1308 4686 (παρέδρους)
1328 4617 1417 4681 -qui

184 4714 230 4749 nec
255 4699 341 4750 decem
360 4701 467 4764 fuerunt,
493 4702 537 4751 sed
555 4703 650 4767 viginti,
670 4719 715 4754 nec
734 4709 799 4754 sorte
818 4704 892 4765 ducti,
912 4703 955 4752 sed
975 4705 1008 4752 ab
1033 4704 1092 4768 ipsis
1111 4704 1223 4767 euthynis
1248 4703 1363 4769 adrogati
1382 4733 1416 4744 -

184 4787 324 4838 Boeckhius
342 4790 430 4840 refellit
449 4791 512 4847 Mus.
532 4791 569 4842 rh.
587 4792 608 4843 1.
627 4808 652 4856 p.
671 4791 714 4846 85.
