3706 5876
688 592 906 653 ...49-

190 772 248 836 sibi
272 769 469 846 conduxerit,
501 790 640 852 quocum
667 769 734 851 ipse
757 766 887 849 ageret?
918 767 1001 832 Turn
1025 767 1220 850 Aeschylus,
1250 771 1303 852 qui
1327 771 1411 834 initio

189 899 253 941 uno
271 872 428 941 Cleandro
443 897 517 940 usus
533 878 617 940 idem
634 885 760 938 secutus
776 885 868 951 esset,
892 896 971 938 mox
987 875 1122 940 alterum
1139 878 1197 939 sibi
1211 876 1411 958 Mynniscum

188 985 376 1067 assumpsit,
408 981 585 1066 Sophocles
608 993 730 1058 autem,
763 991 877 1064 utpote
908 1003 979 1045 cum
1011 985 1053 1046 ad
1077 985 1234 1046 actionem
1258 985 1325 1066 ipse
1348 1006 1412 1048 non

147 1120 150 1127 ·
188 1091 315 1166 valeret,
339 1093 466 1154 tertium
490 1092 548 1155 sibi
571 1091 736 1167 substituit,
761 1098 795 1152 ut
818 1099 972 1152 nontam
1003 1111 1210 1172 personarum
1234 1090 1293 1166 ille,
1315 1112 1411 1173 quam

188 1207 332 1262 actorum
355 1198 553 1280 publicorum
585 1217 750 1260 numerum
782 1193 908 1260 auxisse
931 1197 1159 1260 existimandus
1190 1199 1245 1272 sit,
1276 1218 1411 1279 quorum

188 1307 252 1368 tre's
274 1318 386 1388 postea
399 1315 486 1368 sorte
502 1304 629 1385 singulis
651 1304 755 1388 poetis
778 1305 955 1386 assignatos
978 1324 1048 1366 esse
1068 1305 1240 1368 memoriae
1262 1306 1411 1386 proditur.

188 1411 287 1494 Quod
303 1414 328 1476 si
343 1414 518 1489 statuimus
541 1431 614 1475 cum
630 1421 773 1474 veterum
790 1412 831 1473 de
854 1413 947 1474 tertio
971 1420 1079 1473 actore
1094 1412 1235 1474 instituto
1259 1414 1411 1474 dissensio

188 1520 377 1602 compluries
393 1529 645 1582 commemorata
661 1517 803 1581 facillime
819 1518 994 1598 explicatur
1009 1527 1077 1580 tum
1101 1518 1313 1582 memorabilis
1335 1539 1411 1582 sane

187 1627 380 1708 tautologia,
410 1646 474 1708 qua
503 1647 568 1688 non
595 1624 694 1688 semel
724 1623 900 1706 Sophocles
935 1626 1051 1706 primus
1089 1624 1200 1688 dicitur
1236 1647 1309 1688 usus
1342 1647 1411 1689 esse

187 1736 297 1817 τρισίν
326 1727 523 1817 ὑποκριταῖς
555 1733 621 1792 καί
651 1734 695 1813 τῷ
729 1727 920 1812 καλουμένῳ
957 1733 1204 1821 τριταγωνιστῇ.
1257 1731 1321 1795 Sed
1348 1734 1411 1796 hoc

188 1850 345 1923 utcunque
379 1861 449 1903 sese
478 1840 592 1914 habet,
623 1839 652 1902 ei
682 1860 701 1901 a
731 1859 795 1920 quo
818 1838 950 1920 proiecti
973 1859 1081 1901 sumus
1104 1838 1251 1902 historiae
1274 1841 1411 1902 musicae

187 1947 259 2010 loco
283 1948 334 2010 illa
356 1947 424 2010 laus
439 1947 624 2022 remanebit,
647 1956 682 2009 ut
705 1946 785 2008 duos
808 1965 943 2027 poeseos
960 1944 1151 2024 Aeschyliae
1171 1946 1201 2006 in
1223 1947 1410 2009 adhibendis

186 2055 346 2118 actoribus
361 2056 450 2136 quasi
473 2055 599 2135 gradus,
621 2053 662 2116 de
678 2053 791 2134 quibus
806 2052 891 2114 nulla
913 2063 961 2115 est
977 2053 1141 2128 dubitatio,
1163 2064 1309 2116 accurate
1331 2053 1411 2117 inter

188 2182 223 2224 se
247 2161 425 2243 distinguat.

278 2260 406 2332 Praeter
429 2287 483 2330 eas
505 2288 584 2349 quas
607 2268 706 2329 modo
738 2265 870 2329 tractavi
893 2267 977 2328 vitae
999 2275 1105 2348 partes
1128 2266 1296 2348 praecipua
1318 2265 1411 2329 laude

188 2373 279 2437 floret
295 2374 370 2437 illud
382 2376 471 2456 quod
480 2373 624 2449 breviori,
640 2395 736 2456 quam
752 2375 855 2455 pn'mo
871 2372 943 2435 loco
959 2374 1175 2435 consarcinare
1190 2374 1304 2449 studui,
1319 2381 1408 2436 nota-

185 2482 262 2542 tioni
277 2482 483 2563 interponitur
497 2482 660 2544 iudicium:
680 2483 753 2549 νέος
770 2479 805 2541 δέ
822 2474 943 2564 η’ρξατο
959 2483 1024 2541 τῶν
1039 2478 1232 2564 τραγῳδιῶν
1248 2480 1305 2540 καὶ
1322 2475 1409 2542 πολὺ

182 2583 261 2658 τοὺς
283 2583 351 2671 πρό
373 2587 494 2676 ἑαυτοῦ
511 2580 655 2671 ὑπερῆρε
671 2582 758 2648 κατά
782 2609 818 2648 τε
842 2581 902 2668 την
925 2588 1063 2667 ποίησιν
1086 2588 1143 2646 καῖ
1165 2581 1226 2668 την
1249 2582 1411 2648 διάθεσιν

181 2697 241 2775 της
264 2696 393 2776 σκηνης,
409 2689 470 2776 τόν
493 2716 528 2756 τε
546 2689 767 2779 λαμπρότητα
790 2695 847 2775 τῆς
869 2696 1023 2777 χορηγίας
1047 2695 1104 2754 καὶ
1126 2688 1187 2774 τὴν
1210 2689 1328 2774 σκευὴν
1343 2695 1411 2754 τών

181 2795 389 2886 ὑποκριτῶν,
421 2797 483 2882 τίγν
505 2823 541 2862 τε
564 2803 623 2862 τοῦ
646 2803 759 2889 χοροῦ.
777 2796 983 2881 σεμνότητα,
1015 2793 1056 2871 ώς
1080 2801 1136 2860 καὶ
1156 2795 1409 2884 Ἀριστοφάνης·

178 2900 266 2968 ίἀλλ’
292 2895 315 2969 ὦ
339 2909 472 2991 πρῶτος
495 2902 744 2988 τῶνἙλλήνων
765 2903 943 2990 πυργώσας
968 2902 1100 2988 δόματα
1125 2904 1232 2986 σεμνά
1254 2909 1311 2967 καί
1335 2923 1410 2967 κοσ·

182 3011 293 3096 μησας
313 3011 466 3098 τραγικὸν
483 3010 684 3096 ληρον’·.’...
710 3010 794 3075 κατά
824 3012 859 3074 δέ
889 3011 947 3095 την
971 3009 1136 3076 σύνθεσιν
1159 3015 1218 3094 της
1242 3009 1410 3096 ποιήσεως

186 3119 279 3202 ζηλοῖ
302 3117 340 3183 τό
373 3114 474 3206 ἁδρόν
498 3117 555 3182 άεὶ
586 3117 748 3201 πλάσμα,
782 3115 1065 3201 ὀνοματοποιίαις
1087 3143 1123 3182 τε
1146 3123 1203 3181 καί
1226 3119 1410 3198 ἐπιθέτοις,

186 3227 236 3301 έτι
260 3227 295 3289 δέ
318 3234 531 3312 μεταφοραῖς
562 3229 618 3288 καὶ
649 3230 738 3290 πᾶσι
768 3234 839 3298 τοῖς
870 3227 1067 3317 δυναμένοις
1092 3222 1187 3306 όγκον
1211 3228 1410 3311 περιθεῖναι

184 3331 363 3418 χρώμενος.
389 3333 478 3396 αἵτε
496 3334 669 3405 διαθέσεις
691 3337 758 3396 τῶν
783 3330 964 3418 δραμάτων
981 3329 1019 3396 οὑ
1041 3330 1175 3414 πολλάς
1199 3328 1288 3416 αὐτῷ
1314 3356 1408 3418 περι·

186 3445 324 3512 πετείας
340 3443 397 3502 καὶ
421 3438 551 3514 πλοκάς
575 3441 717 3519 έχουσιν,
742 3435 782 3511 ὡς
805 3438 901 3525 παρά
926 3448 998 3512 τοῖς
1021 3445 1203 3524 νεωτέροις·
1228 3437 1334 3520 μόνον
1349 3439 1408 3526 γάρ

188 3544 278 3628 ζηλοῖ
294 3545 332 3608 τό
349 3544 455 3632 βάρος
471 3551 686 3631 περιτιθέναι
701 3557 774 3618 τοῖς
790 3544 999 3631 προσώποις,
1025 3544 1167 3631 άρχαῖον
1184 3541 1271 3608 εἶναι
1288 3551 1409 3632 κρίνων

185 3656 284 3716 τοῦτο
308 3651 346 3716 τό
368 3658 469 3739 μέρος
491 3652 747 3739 μεγαλοπρεπές
770 3677 806 3716 τε
830 3657 887 3716 καί
911 3649 1065 3741 ἡρωικόν,
1096 3650 1133 3717 τό
1161 3654 1195 3716 δέ
1219 3657 1410 3740 πανοῦργον

186 3765 430 3846 κομψοπρεπές
445 3783 481 3823 τε
505 3765 561 3822 καί
577 3758 820 3842 γνωμολογικδν
844 3757 1024 3846 ἀλλότριον
1039 3764 1095 3842 της
1110 3762 1298 3846 τραγῳδίας
1321 3757 1409 3844 ipori-

184 3889 295 3947 μενος·
321 3863 407 3930 ώστε
432 3864 489 3929 διά
513 3864 550 3930 τό
576 3865 776 3942 πλεονάζειν
799 3871 844 3950 τῷ
868 3865 967 3952 βάρει
990 3871 1057 3929 τών
1080 3865 1275 3951 προσώπων
1297 3891 1410 3951 κωμῳ-

187 3971 295 4034 δεῖται
328 3963 424 4056 παρά
454 3971 732 4059 Ἀριστοφάνους.
765 3975 800 4036 έν
830 3978 891 4056 μέν
922 3971 984 4061 γάρ
1015 3978 1053 4065 τῇ
1079 3971 1185 4063 Νιόβη
1210 3971 1319 4057 Νιόβη
1349 3973 1409 4047 ίως

185 4083 298 4165 τρίτου
314 4083 434 4165 μέρους
452 4060 682 4163 ἐπικαθημένη
698 4084 743 4163 τῷ
760 4079 858 4164 τάφῳ
875 4084 942 4142 τών
964 4081 1098 4143 παίδων
1114 4076 1212 4143 οὐδέν
1228 4084 1409 4161 φθέγγεται
1433 4101 1436 4110 ’

186 4185 455 4270 ἐγκεκαλυμμένη·
498 4187 542 4250 έν·
571 4188 605 4249 δέ
643 4197 714 4259 τοῖς
737 4183 897 4272 Ἕκτορος
929 4184 1061 4274 λότρυις
1089 4184 1255 4266 Ἀχιλλεὺς
1286 4184 1408 4270 ὁμοίως

185 4291 465 4375 ἐγκεκαλυμμένος
483 4289 520 4358 οό
540 4297 730 4375 φθέγγεται,
754 4292 842 4377 πλίγν
867 4295 902 4356 έν
927 4291 1046 4382 ἀρχαῖς
1070 4290 1166 4376 όλίγα
1189 4291 1409 4381 πρόςἜρμίγν

187 4396 366 4480 ἀμοιβαῖα.
392 4397 443 4463 διό
461 4400 594 4482 έκλογαὶ
609 4405 672 4483 μέν
694 4399 781 4487 παρ’
809 4398 898 4485 αὐτῷ
922 4405 960 4493 τῇ
982 4405 1167 4490 κατασκευῇ
1186 4402 1409 4490 διαφέρουσαι

184 4502 389 4588 πάμπολλαι
414 4504 458 4568 άν
482 4503 668 4592 εὑρεθεῖεν,
700 4513 828 4590 γνώμαι
860 4509 896 4571 δέ
930 4506 946 4590 ἢ
979 4507 1194 4589 συμπάθειαι
1221 4507 1241 4592 'i
1266 4507 1351 4572 ἄλλο
1376 4534 1407 4573 τι

185 4615 251 4674 τῶν
275 4614 468 4694 δυναμένων
491 4616 538 4686 είς
563 4612 694 4699 δάκρυα
712 4613 849 4697 άγαγεῖν
874 4612 912 4680 οὑ
937 4614 1038 4678 πάνυ.
1063 4624 1138 4686 ταῖς
1161 4639 1197 4677 τε
1221 4614 1284 4702 γάρ
1307 4613 1408 4704 ὑψεσι

185 4723 241 4782 καί
265 4729 337 4791 τοῖς
353 4718 478 4801 μύθοις
502 4718 588 4806 πρός
605 4720 760 4804 έκπληξιν
775 4720 945 4809 τερατώδη
966 4719 1096 4802 μᾶλλον
1113 4715 1138 4805 ἢ
1162 4720 1248 4808 πρός
1272 4721 1408 4807 άπάτην

186 4831 350 4912 κέχρηται.
389 4829 463 4892 Hoc
486 4843 518 4892 et
541 4829 591 4891 alii
608 4831 772 4894 laudarunt
795 4833 941 4895 iudicium
965 4843 996 4892 et
1013 4831 1195 4893 Dindorfius
1215 4825 1269 4894 ‘ex
1286 4835 1407 4915 optimo

1177 4939 1192 4989 4
