3706 5876
923 572 1140 634 -..52...

420 765 521 827 μενος
545 743 664 808 ἐπειτα
687 745 735 818 είς
758 743 935 830 ποιητικὴν
959 744 1098 833 ἐτράπη.
1149 748 1241 831 Quae
1264 769 1335 812 cum
1368 747 1411 811 ita
1439 749 1515 824 sint,
1546 750 1642 812 etiam

420 875 517 937 quam
542 857 584 918 de
600 854 765 935 Aeschylo
789 855 955 918 Pausanias
979 855 1111 920 exhibet
1133 855 1327 920 historiolam
1350 876 1476 938 prorsus
1499 857 1642 934 similem,

421 964 463 1025 ad
488 961 770 1025 Chamaeleontem
794 962 908 1025 referre
931 962 1018 1026 licet:
1051 961 1115 1044 ἐφη
1139 961 1175 1024 δέ
1199 959 1364 1041 Αἰσχύλος
1392 958 1569 1047 μειράκιον
1593 959 1642 1025 ὢν

419 1064 602 1131 καθεύδειν
627 1069 662 1130 ἐν
686 1065 776 1154 άχρηῑ
801 1066 986 1149 φυλάσσων
1019 1066 1209 1150 σταφυλάς,
1241 1072 1298 1131 καί
1323 1069 1354 1131 ol
1379 1066 1545 1133 Διόνυσον
1568 1069 1642 1132 ἐπι-

419 1173 547 1239 στάντα
572 1173 727 1238 κελεύσαι
759 1176 949 1262 τραγῳδίαν
971 1184 1095 1239 ποιεῖν.
1121 1173 1164 1248 ὥς
1189 1177 1224 1238 δέ
1247 1199 1284 1259 ην
1307 1173 1424 1261 ἡμέρα,
1448 1179 1643 1240 πείθεσθαι

418 1280 479 1370 γάρ
512 1281 659 1358 ἐθέλειν,
697 1281 806 1364 ῥᾷστα
834 1279 895 1366 ἤδη
926 1280 1134 1369 πειρώμενος
1162 1291 1286 1347 ποιεῖν.
1316 1275 1412 1356 οὗτος
1442 1288 1504 1365 μέν
1534 1287 1641 1347 ταύτα

421 1389 541 1472 ἐλεγεν.
582 1391 787 1474 Quamquam
812 1392 852 1454 de
875 1391 922 1456 his
946 1393 1041 1454 etiam
1063 1392 1123 1454 alia
1145 1394 1224 1455 ratio
1247 1394 1450 1476 inpromptu
1474 1403 1537 1470 est,
1559 1414 1643 1476 quae

420 1498 494 1561 mihi
526 1508 612 1562 certe
642 1509 802 1580 praestare
833 1501 965 1563 videtur.
1018 1499 1146 1562 Etenim
1176 1520 1248 1562 cum
1280 1521 1342 1563 uno
1374 1500 1446 1563 loco
1476 1501 1642 1564 Pausanias

418 1615 527 1688 aperte
554 1607 657 1668 lonis
687 1603 769 1668 Chii
802 1607 1064 1669 commentarium
1093 1608 1303 1688 exscripserit,
1333 1609 1440 1670 nescio
1467 1628 1507 1669 an
1537 1608 1642 1690 potius

420 1734 463 1775 ex
500 1712 552 1774 illo
590 1714 685 1776 etiam
725 1712 805 1774 haec
837 1714 1067 1793 promanarint,
1106 1723 1140 1776 ut
1172 1713 1342 1777 Pausaniae
1381 1735 1453 1777 cum
1485 1713 1640 1777 Chamae-

419 1819 527 1882 leonte
559 1830 729 1883 concentus
761 1821 802 1882 ad
827 1840 1029 1882 communem
1057 1831 1216 1883 auctorem
1249 1821 1361 1884 ionem
1391 1823 1516 1897 redeat;
1549 1841 1639 1903 prae-

418 1928 525 1988 sertim
549 1947 621 1988 cum
645 1927 755 1988 Ionem
780 1927 820 1988 de
843 1925 1009 2007 Aeschylo
1032 1926 1181 1990 nonnulla
1203 1927 1313 1990 litteris
1343 1929 1544 2010 consignasse
1568 1949 1640 1991 cum

420 2055 463 2096 ex
486 2033 552 2094 aliis
574 2041 642 2095 tum
667 2054 708 2094 ex
732 2033 901 2095 Plutarcho
925 2044 1066 2110 constet,
1089 2036 1174 2116 apud
1197 2055 1293 2116 quem
1316 2034 1461 2116 frequens
1484 2035 1568 2098 Ionis
1591 2045 1640 2097 est

421 2161 501 2202 usus.
550 2139 658 2222 Quare
681 2141 776 2202 etiam
800 2141 996 2221 epigramma
1018 2140 1091 2203 illud
1115 2162 1172 2222 per
1194 2142 1304 2204 Ionem
1327 2143 1504 2225 posteritati
1525 2163 1639 2224 propa·

424 2258 535 2328 gatum
559 2267 628 2308 esse
650 2246 736 2308 haud
752 2267 834 2308 vana
856 2257 903 2308 est
921 2247 1062 2329 suspicio.
1102 2248 1185 2310 Nam
1210 2249 1378 2311 Pausanias
1400 2249 1493 2312 dicit:
1520 2251 1577 2310 καί
1601 2243 1640 2330 δη

419 2356 476 2414 καί
501 2349 681 2431 Αἰσχύλος,
706 2348 750 2423 ὥς
775 2351 807 2414 οί
830 2354 889 2414 τοῦ
913 2355 990 2432 Ιδίον
1013 2353 1245 2438 προσεδοκᾶτο
1269 2351 1288 2437 ἡ
1312 2351 1464 2438 τελευτή,
1488 2358 1555 2417 τῶν
1577 2358 1639 2435 μὲν

420 2457 531 2522 ἄλλων
549 2456 794 2542 ἐμνημόνευσεν
811 2455 959 2535 οὐδενός,
985 2457 1108 2543 δόξης
1133 2461 1174 2532 ἐς
1196 2464 1413 2524 τοσοῦτον
1434 2457 1545 2546 η’κων
1568 2461 1641 2524 ἐπί

419 2565 600 2651 ποιησει
643 2570 699 2628 καί
743 2563 809 2651 πρό
846 2563 1055 2652 Ἀρτεμισίου
1098 2570 1155 2628 καὶ
1194 2567 1229 2628 ἐν
1269 2567 1435 2650 Σαλαμῖνι
1474 2565 1640 2651 ναυμαχη-

420 2693 548 2746 σας-
573 2676 624 2737 ubi
649 2675 850 2738 Athenaeus:
881 2670 1147 2757 τηλικαύτην
1178 2672 1306 2748 δόξαν
1335 2675 1438 2754 ’έχων
1471 2675 1542 2738 διά
1567 2672 1642 2758 τὴν

420 2778 650 2864 ποιητικὴν
682 2817 740 2856 -,
771 2776 790 2840 δ
824 2780 859 2842 δέ
887 2776 924 2842 τό
950 2804 985 2842 τε
1011 2771 1122 2861 δνομα
1154 2778 1332 2867 πατρόθεν
1363 2784 1419 2844 καί
1449 2779 1509 2864 την
1540 2779 1642 2844 πόλιν

421 2889 556 2976 ἔγραψε,
581 2890 637 2948 καί
654 2882 698 2957 ὥς
713 2890 778 2969 της
795 2882 987 2971 άνδρείας
1003 2877 1175 2974 μάρτυρας
1192 2887 1261 2967 ἐχοι
1276 2885 1314 2951 τό
1327 2892 1520 2974 Μαραθῶνι
1536 2885 1640 2961 άλσος

420 2999 477 3058 καί
499 2992 621 3078 Μήδων
650 2989 728 3065 τούς
759 2993 793 3064 ἐς
821 2989 904 3056 αύτδ
939 2990 1140 3074 ἀποβάντας
1164 3034 1206 3041 -
1231 2998 1284 3059 ubi
1303 2997 1506 3060 Athenaeus:
1542 2991 1640 3059 ούδέν

419 3091 515 3184 ἦττον
539 3101 596 3163 ἐπί
612 3104 670 3163 τοῦ
687 3097 800 3180 τάφον
817 3100 1044 3184 ἐπιγραφῆναι
1059 3098 1179 3185 ἠξίωσε
1194 3100 1326 3183 μάλλον
1349 3100 1421 3186 την
1445 3099 1640 3188 ἀνδρείαν

420 3205 577 3290 ποιησας·
603 3204 718 3290 ‘hirnia
750 3207 777 3269 δ’
802 3203 980 3288 εὐδόκιμον
1005 3207 1239 3294 Μαραθώνιον
1269 3206 1374 3282 άλσος
1397 3207 1441 3272 άν
1465 3210 1558 3274 είποι
1582 3213 1639 3273 καί

419 3311 661 3396 ηίαθυχαιτηεις
679 3314 793 3396 Μῆδος
817 3311 1068 3404 ἐπιστάμενοί.
1107 3322 1174 3379 Iam
1198 3338 1274 3380 vero
1298 3321 1339 3382 ad
1355 3319 1525 3382 Pausaniae
1541 3319 1639 3382 verba

420 3425 476 3483 καί
507 3422 543 3484 ἐν
573 3420 739 3502 Σαλαμῖνι
771 3419 989 3504 ναυμαχήσας
1025 3426 1146 3487 accedit
1182 3425 1332 3488 disertum
1362 3427 1577 3489 testimonium
1608 3427 1639 3488 in

421 3529 545 3593 scholiis
569 3531 719 3598 Mediceis
750 3531 790 3592 ad
814 3531 924 3592 Persas
955 3540 1132 3594 servatum:
1159 3526 1235 3592 ’Ίων
1265 3531 1301 3592 ἐν
1330 3538 1405 3603 ταῖς
1424 3528 1640 3614 Ἐπιδημίαις

420 3644 584 3722 παρεῖναι
609 3634 773 3714 Αἰσχύλον
801 3636 836 3697 ἐν
867 3643 938 3707 τοῖς
963 3634 1225 3717 Σαλαμινιακοῖς
1249 3642 1349 3721 φησίι
1383 3642 1470 3722 quod
1498 3660 1638 3721 quonam

420 3745 491 3808 loco
516 3747 715 3808 commodius
747 3765 877 3806 monere
900 3745 957 3806 lon
980 3747 1099 3827 potuit,
1129 3767 1225 3828 quam
1257 3748 1309 3810 ubi
1339 3747 1379 3809 de
1410 3749 1639 3828 epigrammate

421 3873 490 3915 eam
514 3853 703 3914 sententiam
725 3852 949 3934 pronuntiaret,
973 3873 1069 3934 quam
1093 3852 1259 3916 Pausanias
1283 3875 1355 3916 cum
1380 3854 1549 3917 Athenaeo
1572 3875 1636 3917 ser-

419 3958 528 4021 vavit?
559 3956 612 4021 Sic
633 3959 726 4039 igitur
749 3958 921 4034 effecimus,
945 3960 1073 4041 opinor,
1097 3969 1132 4022 ut
1154 3960 1309 4043 probabili
1331 3962 1447 4023 nitatur
1469 3981 1636 4042 argumen-

420 4067 551 4140 tatione,
574 4068 662 4146 quod
685 4075 770 4128 recte
792 4067 854 4128 iam
878 4086 967 4128 mera
990 4067 1169 4128 coniectura
1191 4077 1351 4130 assecutus
1374 4077 1441 4130 erat
1465 4067 1636 4131 Schneide-

422 4175 520 4234 winus
544 4173 584 4234 de
599 4173 675 4234 Ione
698 4182 848 4254 tanquam
864 4174 1033 4255 praecipuo
1049 4183 1192 4236 veterum
1216 4176 1256 4236 de
1273 4175 1335 4237 vita
1351 4154 1504 4254 Aeschyli
1526 4173 1633 4238 fonte:

331 4363 332 4366 Ἴ
419 4279 471 4360 qui
495 4300 567 4340 cum
590 4282 838 4360 sperandum
870 4301 938 4342 esse
969 4281 1086 4342 diceret
1108 4279 1188 4356 iore,
1221 4290 1254 4342 ut
1285 4280 1452 4363 aliquando
1480 4280 1571 4362 quale
1595 4284 1637 4344 de

345 4399 347 4406 ’
418 4406 525 4468 pugna
540 4384 709 4449 Salaminia
724 4386 912 4448 haberemus
928 4386 1011 4448 Ionis
1026 4387 1240 4450 testimonium
1257 4389 1351 4450 etiam
1368 4389 1408 4449 de
1424 4387 1636 4451 Artemisiaco

419 4493 540 4574 proelio
563 4492 813 4573 protraheretur,
844 4493 892 4553 cui
915 4493 1082 4555 Pausanias
1114 4503 1238 4557 tantum
1270 4496 1469 4576 minoresque
1499 4495 1636 4558 historici

419 4599 617 4678 Aeschylum
640 4599 813 4661 interfuisse
836 4607 1040 4675 testarentur,
1063 4601 1125 4662 iam
1148 4602 1251 4683 ipsum
1274 4601 1359 4662 illum
1383 4603 1554 4664 Pausaniae
1575 4623 1635 4684 pro

418 4706 503 4768 lonis
518 4707 659 4786 accipere
673 4707 847 4788 poterimus
862 4705 976 4768 locum.
1015 4707 1114 4770 Porro
1136 4729 1208 4770 cum
1224 4707 1480 4772 Schneidewinus
1496 4709 1632 4774 diceret:

417 4807 480 4873 ‘ich
495 4811 658 4874 vermuthe
680 4831 787 4892 sogar,
810 4814 888 4874 dass
902 4812 1057 4874 Plutarch
1073 4814 1118 4875 im
1134 4814 1252 4876 Kz'mcn
1269 4819 1290 4878 8
1305 4814 1358 4875 dre
1367 4815 1548 4894 geschichte
1562 4837 1635 4878 υουι
