3706 5876
924 545 1183 604 '-.1t-

457 710 601 792 νοχδτες)
619 721 704 784 τοῖς
722 713 933 785 δικασταῖς
949 721 979 792 ¹).
1003 718 1148 799 Denique
1165 720 1206 780 ad
1215 718 1315 780 Attici
1331 738 1404 780 usus
1419 717 1603 799 exemplum
1620 719 1685 780 sine

376 899 378 904 ,
457 822 552 883 dubio
570 820 673 884 efficta
689 831 737 883 est
753 821 891 885 Platonis
908 825 1104 904 comparatio
1121 825 1151 884 in
1168 824 1299 886 Politico
1323 839 1363 904 tp.
1381 826 1492 900 2991)
1507 851 1514 886 :
1543 821 1684 885 ἐπειδὰν

456 924 518 1010 γοὶρ
536 924 575 1008 δὴ
589 929 658 988 τῶν
675 923 846 1009 ἀρχόντων
862 927 1018 999 ἑκάστοις
1033 923 1049 989 ὁ
1066 913 1215 1000 ἐνιαυτὸς
1226 928 1355 1016 ἐξέλθῃ,
1367 927 1476 1012 δεησει
1486 927 1684 1014 δικαστήρια

457 1035 671 1104 καθίσαντας
696 1030 837 1117 ἀνδρῶν,
862 1029 879 1114 il
901 1037 969 1096 cuin
984 1032 1157 1097 πλουσίων
1176 1035 1211 1096 ἐκ
1235 1040 1444 1120 προκρίσεως
1461 1031 1478 1116 i)
1495 1035 1684 1117 ξύμπαντος

458 1127 499 1200 αὖ
513 1142 572 1213 τοῦ
591 1137 695 1220 δι’γμου
711 1137 785 1210 τοὺς
802 1137 975 1217 λαχόντας,
989 1139 1037 1212 είς
1050 1139 1187 1212 τούτους
1196 1140 1342 1222 εἰσάγειν
1350 1140 1425 1214 τοὺς
1442 1139 1612 1227 ἄρξαντας
1628 1145 1683 1203 καὶ

457 1242 625 1323 εὐθύνειν,
640 1254 832 1331 κατηγορεῖν
849 1247 884 1308 δὲ
895 1244 953 1308 τὸν
960 1244 1178 1328 βουλόμενον,
1194 1244 1234 1319 ὡς
1249 1245 1287 1312 οδ
1302 1249 1386 1311 κατὰ
1393 1249 1436 1312 τὰ
1443 1249 1620 1334 γράμματα
1628 1247 1685 1312 τὸν

457 1350 612 1415 ἐνιαυτὸν
633 1353 827 1437 ἐκυβέρνησε
847 1354 906 1424 τας
928 1357 1005 1424 ναῦς
1023 1350 1099 1417 οὐδὲ
1116 1354 1261 1418 κατὰτὰ
1278 1354 1413 1417 παλαιὰ
1427 1360 1494 1419 τῶν
1511 1354 1685 1441 προγόνων

458 1459 531 1541 ἐ’θη.
569 1460 621 1522 Ac
638 1463 678 1523 de
691 1464 803 1523 decem
820 1464 1019 1543 praetoribus
1036 1485 1078 1526 ex
1095 1465 1213 1527 diserto
1229 1467 1318 1545 quod
1333 1486 1363 1546 p.
1385 1467 1423 1528 12
1446 1465 1535 1527 attuli
1552 1465 1684 1528 Pollucis

456 1569 638 1630 testimonio
663 1578 787 1631 constat
811 1568 966 1648 euthynas
982 1569 1023 1630 ab
1047 1571 1091 1631 eis
1108 1571 1138 1631 in
1160 1571 1273 1633 iudicio
1291 1571 1404 1634 relatas
1421 1592 1506 1646 esse;
1525 1573 1582 1634 nisi
1598 1574 1685 1653 quod

457 1675 499 1736 ibi
514 1674 750 1738 thesmothetae
765 1675 995 1756 praesidebant,
1012 1697 1076 1737 non
1092 1676 1225 1757 logistae
1237 1679 1270 1760 12).
1298 1678 1446 1740 Eundem
1463 1689 1570 1740 autem
1594 1699 1683 1740 usum

458 1783 633 1862 posteriora
656 1802 783 1861 quoque
807 1779 931 1843 saecula
954 1793 1135 1845 servarunt:
1172 1786 1300 1864 quando
1325 1786 1455 1866 quidem
1478 1786 1520 1846 de
1544 1795 1685 1847 cosmeta

459 1886 658 1966 epheborum
682 1889 712 1948 in
737 1888 870 1950 decretis
895 1888 1020 1950 duobus
1044 1888 1170 1951 alterius
1199 1910 1225 1951 a.
1251 1888 1323 1952 Chr.
1347 1891 1461 1953 saeculi
1497 1887 1577 1972 (Ἔα.
1612 1887 1683 1971 ἀρχ.

458 1997 542 2055 4097
568 2014 596 2054 v.
622 1998 671 2055 41.
697 1996 781 2054 4107
807 2014 835 2054 v.
861 1998 899 2055 111
927 1995 983 2076 sq)
1014 1997 1126 2058 dicitur
1149 1998 1228 2079 περὶ
1253 1994 1390 2057 πάντων
1421 1999 1489 2058 τῶν
1520 1995 1606 2058 κατὰ
1630 1996 1685 2078 τὴν

457 2093 560 2181 ἀρχὴν
577 2097 698 2158 ’ίδωκεν
721 2097 780 2168 τὰς
804 2093 951 2170 εδθίνας
975 2099 1015 2160 ἐν
1038 2103 1087 2182 τῷ
1114 2101 1356 2185 δικαστηρίῳ
1376 2101 1462 2164 κατὰ
1486 2099 1546 2165 τὸν
1569 2099 1683 2182 νόμον.

550 2205 731 2268 Institutum
755 2208 849 2287 igitur
879 2207 972 2269 fuisse
995 2229 1059 2269 non
1082 2210 1144 2270 iam
1168 2210 1383 2272 dubitabimus
1406 2213 1494 2292 quod
1526 2213 1613 2272 omni
1643 2231 1685 2272 ex

457 2320 550 2392 parte
573 2315 780 2393 responderet
805 2312 997 2392 δοκιμασίᾳ,
1025 2314 1125 2395 qualis
1148 2326 1221 2378 ante
1245 2338 1358 2379 munus
1383 2319 1555 2380 ineundum
1579 2317 1685 2380 fiebat.

457 2418 583 2480 Etenim
608 2421 702 2493 sicut,
726 2420 779 2500 qui
803 2422 1005 2501 magistratus
1034 2420 1124 2485 electi
1149 2423 1214 2484 sive
1242 2425 1408 2486 sortitione
1436 2425 1502 2486 sive
1532 2424 1685 2504 suffragiis

458 2534 555 2598 erant,
579 2526 726 2587 omnibus
749 2526 897 2607 probatio
921 2529 951 2610 in
980 2527 1180 2590 heliastarum
1205 2530 1318 2591 iudicio
1343 2531 1509 2592 subeunda
1532 2540 1608 2605 erat,
1633 2531 1686 2591 ubi

458 2640 490 2692 et
513 2632 570 2712 ipsi
595 2633 635 2693 de
659 2634 752 2694 rebus
783 2635 846 2694 suis
878 2635 1105 2714 responderent
1133 2635 1327 2698 sollemniter
1355 2637 1568 2716 interroganti,
1599 2637 1683 2699 thes-

458 2738 621 2800 mothetae
644 2739 769 2813 scilicet,
793 2748 826 2802 et
848 2741 948 2820 quivis
972 2761 1014 2802 ex
1038 2741 1155 2802 civibus
1178 2741 1333 2823 proferret
1356 2745 1382 2804 si
1405 2745 1480 2824 quid
1502 2752 1594 2818 esset,
1618 2764 1683 2824 quo

444 2845 574 2936 ‘irritam
603 2844 669 2906 fieri
693 2845 880 2908 electionem
904 2847 1062 2922 iudicaret,
1087 2860 1117 2909 et
1141 2850 1276 2929 denique
1299 2850 1416 2912 iudices
1445 2850 1595 2931 suffragio
1626 2871 1684 2911 suo

457 2949 508 3011 vel
540 2950 712 3030 probarent
743 2952 844 3014 civem
876 2962 1016 3014 creatum
1049 2953 1099 3015 vel
1130 2957 1336 3036 reprobarent
1348 2959 1390 3030 ll:
1426 2957 1470 3018 ita
1499 2957 1552 3037 qui
1581 2956 1684 3018 officio

458 3055 677 3137 qualicumque
708 3058 861 3139 perfuncti
886 3071 990 3134 erant,
1014 3079 1126 3122 omnes
1157 3069 1303 3143 tempore
1326 3072 1442 3124 exacto
1474 3063 1504 3123 in
1536 3063 1682 3124 iudicium

458 3164 593 3242 prodire,
611 3183 790 3245 expurgare
806 3187 884 3241 sese,
900 3167 925 3228 si
941 3168 1010 3247 quis
1028 3177 1192 3230 accusator
1207 3169 1366 3242 existeret,
1385 3169 1521 3230 iudicum
1538 3169 1685 3249 suffragia

457 3278 628 3349 expectare
652 3270 821 3347 debebant,
846 3273 958 3353 quibus
982 3282 1035 3335 aut
1059 3273 1298 3336 absolverentur
1321 3287 1355 3336 ut
1380 3275 1474 3337 rebus
1505 3277 1562 3336 rite
1586 3277 1683 3356 gestis

457 3384 512 3437 aut
535 3378 823 3439 condemnarentur
835 3377 866 3457 ⁴).

458 3519 669 3526 *—

547 3605 573 3663 11
593 3611 648 3663 τοῖς
666 3607 925 3674 λογισταῖςΜείεεοε
938 3611 1039 3673 corrigit
1058 3616 1081 3659 et
1094 3606 1241 3680 λογισμοδς
1259 3626 1304 3674 pro
1318 3607 1421 3678 λόγους,
1440 3620 1531 3660 temere
1550 3619 1682 3676 utrumque.

547 3693 574 3760 2)
593 3697 718 3760 Ambigua
737 3697 843 3760 loquitur
861 3698 922 3754 Plut,
941 3701 994 3748 Per.
1015 3696 1047 3750 23
1067 3699 1114 3750 τοῦ
1133 3699 1161 3751 δὲ
1183 3699 1341 3772 Περικλέους
1359 3697 1389 3751 ἐν
1409 3699 1446 3769 τῷ
1459 3699 1504 3762 τῆς
1522 3700 1684 3772 στρατηγίας

456 3778 631 3854 ἀπολογισμῷ
645 3783 710 3836 δέκα
723 3782 863 3837 ταλάντων
877 3782 1009 3856 ἀνάλωμα
1022 3784 1372 3858 γραψαντοςάνηλωμὲνων
1386 3788 1423 3846 εἰς
1433 3785 1462 3841 τδ
1477 3785 1564 3841 δέονδ
1580 3788 1683 3858 δῆμος

456 3867 605 3932 ἀπεδέξατο
618 3870 655 3941 μη
670 3872 934 3947 πολυπραγμονήσας
953 3872 1020 3945 μηδ’
1035 3874 1143 3945 ε’λίγξας
1161 3873 1190 3928 τὸ
1211 3873 1371 3950 ἀπόρρητον.
1398 3878 1465 3932 Αδδ,
1485 3879 1635 3927 Themistius
1647 3895 1683 3928 or.

456 3960 473 4012 4
499 3979 524 4026 p.
548 3960 591 4025 68,
619 3963 644 4013 11
675 3963 751 4013 Dind.
790 3965 903 4012 Ceterum
930 3966 1040 4014 consulto
1061 3967 1168 4017 abstinui⁴
1184 3983 1199 4014 a
1218 3967 1274 4015 loco
1294 3970 1332 4017 Ps.
1347 3968 1436 4028 Lysiae
1455 3965 1479 4028 9,
1503 3967 1531 4018 11
1553 3959 1612 4019 οὔτε
1630 3964 1684 4040 γὰρ

456 4045 576 4108 εὐθύνας
587 4047 709 4119 ὑπέσχον
724 4050 785 4118 (scil.
800 4051 846 4115 τῆς
858 4049 981 4121 ἐπιβολῆς
1000 4051 1026 4104 οἱ
1043 4054 1196 4127 στρατηγοί)
1218 4047 1277 4106 οὔτε
1297 4051 1335 4112 εἰς
1354 4051 1526 4128 δικαστήριον
1545 4053 1682 4109 εἰσελθόν-

455 4156 498 4196 τες
511 4135 544 4190 τα
559 4140 722 4211 πραχθέντα
735 4138 820 4212 ψήφῳ
839 4138 918 4214 κύρια
937 4144 1114 4206 κατέστησαν
1133 4142 1156 4195 εἰ
1176 4139 1203 4195 δ’
1225 4133 1274 4194 οὖν
1287 4140 1441 4212 ἐζημίωσαν
1453 4143 1506 4213 μὲν
1525 4141 1582 4197 οἵδε
1601 4161 1683 4217 προσ·

457 4223 583 4290 ηκόντως,
597 4225 737 4302 ἐκύρωσαν
757 4227 783 4281 δ’
799 4227 827 4282 ἰν
842 4228 907 4301 ὑμῖν
920 4228 969 4294 τὴν
982 4229 1108 4300 ἐπιβολὴν
1121 4233 1191 4284 κτλε
1213 4233 1254 4281 ubi
1275 4229 1448 4304 δικαστήριον
1455 4250 1505 4282 non
1519 4233 1552 4281 ad
1565 4235 1682 4296 euthynas

456 4319 560 4380 pertinet
585 4333 630 4367 nec
650 4319 683 4366 ad
701 4320 844 4383 logistaruru
869 4337 971 4370 examen
990 4337 1038 4384 quo
1058 4321 1123 4369 male
1142 4321 1213 4369 refert
1233 4321 1262 4369 C.
1281 4323 1308 4372 F.
1329 4322 1485 4370 Hermaunus
1504 4324 1520 4372 l.
1541 4339 1572 4380 c.,
1600 4339 1683 4372 verum

457 4406 537 4470 agitur
555 4407 586 4454 de
605 4407 696 4457 iudicio
715 4411 884 4458 constituendo
903 4426 952 4474 quo
971 4411 1074 4458 multam
1094 4410 1235 4474 impositam
1255 4414 1335 4457 ratam
1355 4410 1441 4458 reddat
1467 4411 1630 4474 magistratus.

545 4492 572 4556 3)
592 4495 624 4546 cf.
645 4497 735 4548 Aesch.
755 4496 779 4560 3,
801 4497 833 4548 ‘lb
853 4506 875 4546 et
894 4514 955 4561 quos
975 4497 1131 4546 Hermannus
1151 4499 1209 4547 citat
1229 4498 1360 4550 Slaatsalt.
1380 4499 1395 4559 ξ
1418 4497 1474 4550 149.

546 4582 573 4647 4)
593 4585 684 4648 Aliqua
704 4602 733 4634 ex
751 4592 820 4649 parte
839 4587 862 4633 iu
883 4587 1094 4650 comparationem
1114 4587 1211 4634 ueniunt
1230 4603 1293 4650 quae
1312 4587 1343 4634 de
1363 4587 1477 4650 Lycurgo
1497 4594 1580 4636 narrat
1599 4595 1685 4638 auctor

456 4673 506 4722 Vit.
527 4673 551 4720 X
570 4689 606 4726 or,
626 4689 650 4736 p.
672 4671 760 4724 ulte:
787 4674 892 4743 μέλλων
917 4674 946 4726 δὲ
966 4671 1131 4736 τελευτήσειν
1156 4672 1194 4732 εἷς
1219 4671 1247 4726 τδ
1269 4675 1396 4746 μητρῷον
1420 4673 1467 4726 καὶ
1490 4671 1519 4726 τδ
1546 4677 1684 4745 βουλευτη-

456 4757 751 4832 ριονέκέλευσεναὶτδν
764 4762 940 4830 κομισθῆναι,
948 4760 1113 4832 βουλόμενος
1126 4759 1245 4821 εδθίνας
1258 4762 1358 4816 δοῦναι
1370 4763 1425 4814 τῶν
1439 4764 1682 4837 πεπολιτευμένων.
