3706 5876
932 551 1153 612 ..18-

431 727 604 792 calliditati:
620 736 653 790 et
665 729 734 810 quis
744 749 787 790 ex
796 727 956 790 locutione
969 723 1113 810 κλητῆρα
1128 719 1200 788 οὐδ’
1212 719 1364 788 ὁντινοῦν
1378 720 1658 812 ἐπιγραψάμενος

431 838 548 918 scripta
571 837 770 898 accusatione
793 834 914 915 logistis
945 835 1101 896 tradenda
1123 834 1174 897 vel
1198 835 1229 896 in
1251 834 1312 897 hac
1339 844 1510 916 properata
1533 835 1658 896 actione

431 964 511 1025 opus
532 942 625 1005 fuisse
648 942 831 1024 persuaderi
852 940 912 1002 sibi
931 941 1088 1023 patiatur?
1128 942 1213 1003 Nolo
1237 950 1346 1004 tamen
1367 941 1542 1022 quidquam
1565 961 1657 1021 prae-

432 1071 569 1133 propere
585 1050 748 1111 decidere:
767 1048 875 1129 quidni
891 1048 975 1108 enim
988 1045 1155 1128 peculiaria
1170 1049 1329 1128 quaedam
1344 1047 1489 1110 habuerit
1504 1049 1657 1110 diaetcta-

433 1179 502 1220 rum
519 1156 683 1218 condicio?
705 1163 791 1217 certe
806 1154 894 1235 quod
910 1154 982 1215 stati
1000 1155 1067 1216 dies
1083 1151 1187 1236 plures
1203 1174 1314 1216 eorum
1327 1154 1500 1216 rationibus
1510 1153 1658 1215 destinati

431 1263 556 1326 fuerunt
580 1299 622 1306 —
646 1263 677 1322 ni
703 1259 795 1324 fallor
817 1271 949 1343 propter
977 1262 1130 1322 maiorem
1154 1281 1320 1324 numerum
1344 1261 1483 1343 ipsorum
1514 1261 1657 1322 ordines-

432 1392 495 1451 que
518 1370 661 1431 diversos
688 1405 725 1414 -
751 1369 783 1429 id
800 1367 1045 1448 haudquaquam
1069 1367 1141 1429 licet
1165 1369 1207 1430 ad
1231 1387 1342 1430 omnes
1366 1369 1568 1448 magistratus
1590 1367 1659 1448 pari

432 1478 497 1538 iure
521 1475 698 1538 transferre.
1342 1466 1345 1471 ’

522 1582 579 1644 Ad
606 1581 669 1643 hoc
699 1581 792 1662 igitur
823 1601 923 1661 genus
951 1581 1135 1643 iudiciorum
1159 1602 1241 1662 quae
1265 1602 1348 1643 anno
1379 1581 1516 1642 muneris
1539 1577 1658 1641 ‘exacto

433 1689 616 1752 summatim
639 1687 767 1761 fiebant,
790 1686 887 1768 longe
911 1690 1052 1749 maxima
1074 1708 1147 1768 pars
1175 1688 1412 1750 accusationum
1436 1685 1472 1746 ἐν
1496 1680 1659 1755 εὐθύναις

376 1803 377 1806 ’
432 1817 513 1874 quae
545 1813 774 1876 saepenumero
806 1803 1024 1856 memorantur
1052 1793 1216 1855 reserenda
1246 1803 1304 1856 est.
1349 1793 1386 1854 ln
1416 1794 1529 1875 quibus
1559 1813 1658 1874 quan-

433 1912 547 1983 topere
587 1908 620 1961 et
657 1898 828 1962 lactionum
866 1898 964 1961 duces
1010 1908 1042 1960 et
1086 1899 1303 1982 sycophantae
1349 1901 1483 1981 grassari
1529 1920 1658 1962 consue-

433 2009 542 2082 verint,
582 2016 659 2068 nota
696 2026 745 2067 res
784 2014 840 2067 est.
854 2009 875 2081 ¹)
929 2006 1085 2067 Nimirum
1120 2016 1154 2069 ut
1185 2007 1247 2069 hoc
1283 2007 1483 2088 potissimum
1521 2007 1659 2088 periculo

434 2114 637 2194 magistratus
661 2113 785 2173 adrem
804 2111 948 2192 religiose
964 2113 1137 2192 gerendam
1153 2113 1279 2188 incitari,
1303 2113 1427 2194 ineptos
1448 2121 1480 2174 et
1495 2113 1660 2194 improbos

434 2221 665 2301 amagistratu
688 2219 884 2298 capessendo
916 2219 1066 2280 deterreri
1088 2219 1278 2299 oportebat,
1308 2221 1351 2280 ita
1381 2240 1498 2300 anceps
1520 2239 1597 2282 sane
1629 2228 1662 2282 et

433 2326 673 2390 formidolosum
695 2325 793 2387 telum
818 2345 890 2386 cum
907 2324 1027 2386 civibus
1043 2325 1217 2388 ambitiosis
1240 2337 1294 2389 aut
1317 2325 1448 2401 nefariis,
1472 2336 1541 2390 tum
1563 2327 1662 2408 vulgo

433 2433 604 2514 imperioso
644 2440 676 2493 et
713 2432 866 2493 adversus
911 2432 1113 2511 magistratus
1161 2433 1412 2513 suspicacissimo
1457 2434 1663 2514 prodebatur.

435 2539 529 2602 Cuius
545 2538 728 2620 suspicionis
752 2546 784 2598 et
806 2537 940 2599 invidiae
963 2538 1095 2618 insignia
1118 2539 1311 2601 documenta
1333 2549 1405 2602 sunt
1421 2549 1592 2621 praecepta
1613 2550 1664 2603 sat

433 2653 560 2707 vetusta
575 2644 690 2725 quibus
706 2644 902 2724 magistratui
923 2644 1042 2705 ratione
1066 2646 1209 2706 nondum
1226 2643 1324 2707 relata
1339 2666 1442 2726 neque
1464 2667 1596 2728 peregre
1619 2648 1664 2710 ire

434 2772 536 2833 neque
560 2753 591 2812 in
614 2749 707 2812 aliam
730 2749 879 2812 familiam
903 2751 1034 2811 transire
1057 2771 1160 2831 neque
1183 2761 1410 2814 testamentum
1433 2751 1537 2815 facere
1560 2774 1665 2834 neque

434 2859 493 2920 Dis
516 2860 603 2919 dona
625 2877 745 2938 ponere
775 2854 892 2918 licitum
924 2865 992 2918 erat
1022 2866 1186 2938 tamquam
1210 2859 1314 2921 obsidi
1335 2857 1387 2920 vel
1409 2860 1664 2940 oppignerato.²)

523 2965 582 3026 His
606 2965 759 3044 expositis
783 2983 847 3024 non
869 2963 946 3038 iam,
969 2964 1090 3044 opinor,
1119 2965 1251 3028 dubium
1275 2966 1348 3036 erit,
1380 2987 1444 3047 quo
1474 2976 1597 3048 spectet
1621 2987 1665 3028 ex

526 3193 551 3258 1)
573 3192 664 3242 Aesch.
690 3194 715 3241 in
740 3193 806 3242 Ctes.
832 3189 847 3242 9
873 3208 910 3256 sq.
952 3193 1100 3257 Frequenter
1125 3200 1253 3256 comparet
1278 3195 1372 3244 dictum
1396 3192 1426 3247 ἒν
1451 3199 1510 3252 ταῖς
1535 3190 1666 3253 εὐθύναις

436 3279 553 3340 διώκειν,
574 3286 743 3354 κατηγορεῖν,
762 3276 859 3350 ὀφλεῖν
877 3282 968 3330 similia
987 3281 1018 3330 cs.
1033 3283 1091 3345 Lys
1107 3280 1148 3343 10,
1165 3280 1205 3333 16.
1219 3281 1261 3334 27.
1299 3286 1337 3334 Ps.
1351 3285 1425 3337 Dem.
1439 3283 1481 3346 58,
1498 3283 1528 3335 14
1544 3286 1575 3335 al.
1612 3286 1665 3334 An-

435 3374 505 3436 tipho
524 3369 556 3437 6,
580 3369 615 3422 43
636 3366 800 3442 Φιλοκράτης
824 3366 878 3442 γάρ
904 3367 992 3422 οὑτοσὶ
1017 3366 1121 3441 ἑτέρους
1145 3370 1201 3423 τῶν
1225 3367 1387 3424 ὑπευθύνων
1411 3371 1478 3426 ἔσειε
1502 3373 1549 3424 καὶ
1575 3370 1665 3426 ἰσοκο-

436 3457 550 3530 φάντει,
576 3455 670 3510 τούτου
694 3457 723 3511 δὲ
742 3458 788 3510 τοῦ
814 3459 955 3526 βασιλέως,
981 3454 1014 3512 ὅν
1040 3476 1110 3528 φασι
1129 3455 1204 3512 δεινὰ
1230 3460 1276 3511 καὶ
1301 3461 1411 3529 σχέτλια
1430 3458 1593 3534 εἰργάσθαι,
1618 3459 1666 3514 οὐκ

436 3539 501 3613 ἦλθε
520 3544 712 3620 κατηγορήσων
731 3547 769 3606 εἰς
788 3543 836 3606 τας
855 3543 982 3607 εὐθύνας.
998 3577 1031 3584 -
1045 3550 1085 3598 De
1103 3549 1329 3599 Themistocle
1348 3551 1614 3608 cf.P1ut.Aristid.t;
1635 3553 1667 3601 de

435 3637 583 3702 Ephialte
599 3637 641 3686 id.
660 3637 746 3687 Pericl.
768 3634 801 3688 lO
825 3666 858 3673 —
878 3638 921 3686 ubi
940 3654 1018 3701 neque
1043 3639 1191 3702 argumentis
1214 3654 1292 3702 neque
1316 3640 1398 3704 specie
1423 3641 1474 3688 veri
1498 3641 1582 3689 nititur
1599 3643 1667 3704 quod

436 3727 514 3776 Grote
532 3726 564 3788 V,
584 3724 637 3778 494
656 3732 679 3795 et
699 3726 802 3774 Oncken
820 3725 844 3786 1,
867 3724 916 3777 182
936 3727 1074 3775 existimant
1098 3723 1159 3784 roric
1177 3723 1225 3779 τὸν
1244 3726 1333 3796 δῆμον
1352 3724 1513 3786 ἀδικοῦντας
1537 3730 1666 3779 archontes

436 3816 545 3879 intellegi
565 3816 589 3863 in
609 3815 704 3864 iudiciis
724 3815 838 3863 iniustam
856 3816 1000 3864 sententiam
1020 3815 1123 3864 serentes
1142 3833 1192 3872 —;
1219 3817 1250 3865 de
1269 3817 1290 3864 C
1297 3817 1390 3866 leone
1409 3818 1587 3882 Aristophanes
1610 3834 1667 3882 equ.

437 3902 489 3956 259
508 3921 530 3953 c.
550 3903 629 3956 schol.
643 3901 694 3955 825
709 3919 731 3953 c.
744 3904 822 3953 schol.
854 3903 927 3952 Adde
945 3903 1124 3968 Iphicratis
1143 3905 1282 3969 exemplum
1301 3906 1377 3958 Isocr.
1393 3905 1434 3967 45,
1455 3905 1507 3958 129
1526 3907 1578 3972 (vit.
1593 3907 1617 3956 X
1629 3923 1667 3956 or.

436 4011 461 4058 p.
475 3991 526 4044 836
541 3993 565 4053 d,
579 3992 621 4041 ubi
634 3993 683 4056 leg.
703 3989 739 4043 ἐν
757 3996 816 4049 ταῖς
835 3987 984 4056 εὐθύναις).
1022 3993 1062 4040 De
1082 3999 1192 4056 tempore
1211 3994 1347 4058 posteriore
1363 3995 1440 4043 multa
1457 3996 1545 4044 afferre
1556 3997 1665 4058 possim:

343 4079 351 4098 ‘
436 4084 495 4132 satis
514 4083 559 4131 erit
577 4081 717 4130 meminisse
736 4081 967 4129 Demosthenis
986 4078 1039 4146 (18,
1060 4079 1111 4132 249
1124 4097 1160 4145 sq.
1180 4082 1211 4133 cf.
1226 4080 1268 4147 25,
1288 4079 1333 4145 37)
1353 4088 1376 4131 et
1394 4083 1550 4146 Lycurgi,
1575 4085 1616 4149 qui
1636 4084 1668 4134 de

437 4172 648 4223 administratione
660 4171 748 4219 aerarii
759 4186 833 4234 saepe
846 4171 980 4234 postulatus
991 4187 1125 4234 numquam
1142 4187 1215 4220 causa
1228 4172 1331 4220 cecidit:
1352 4171 1459 4240 μηδένα
1472 4168 1568 4241 άγῶνα
1581 4169 1668 4237 ἁλούς,

436 4260 524 4312 καίτοι
543 4259 648 4312 πολλῶν
672 4254 917 4330 κατηγορησάντων
935 4259 976 4308 vit.
990 4259 1015 4306 X
1034 4275 1070 4310 or.
1090 4275 1115 4322 p.
1128 4255 1181 4311 842
1199 4276 1221 4310 e.
1241 4257 1292 4310 843
1312 4261 1328 4311 f.
1343 4260 1375 4312 cl.
1407 4261 1483 4309 Meier
1503 4262 1534 4309 de
1552 4263 1669 4326 Lycurgo

436 4366 461 4413 p.
481 4349 628 4398 LXXXVII
647 4364 683 4412 sq.
702 4347 842 4396 -Oratio
861 4349 887 4395 in
906 4347 948 4396 tali
973 4348 1063 4396 iudicio
1088 4349 1175 4397 habita
1199 4365 1247 4397 una
1271 4364 1396 4413 superesse
1421 4350 1515 4398 videtur
1534 4351 1669 4413 Lysiaca

437 4445 549 4487 contra
574 4438 756 4501 Epicratem
776 4442 799 4485 et
818 4436 928 4499 collegas
947 4437 997 4485 eius
1017 4435 1083 4503 (27),
1103 4437 1134 4485 de
1152 4453 1201 4500 qua
1220 4437 1251 4487 cl.
1271 4453 1333 4501 quae
1352 4437 1403 4486 dixi
1427 4439 1451 4486 in
1471 4437 1570 4498 Quaest.
1590 4439 1668 4490 fiscal.

398 4537 405 4550 ·
437 4528 495 4575 iuris
514 4527 590 4576 Attici
609 4543 634 4590 p.
649 4522 690 4576 18.
728 4525 864 4574 Hentschel
883 4525 914 4574 de
933 4526 1021 4588 Lysiae
1040 4542 1074 4576 or.
1092 4527 1225 4589 Epicratea
1245 4525 1323 4591 (Lips
1340 4524 1418 4591 1874)
1437 4543 1461 4590 p.
1476 4525 1519 4577 25.

527 4614 554 4680 2)
574 4616 665 4666 Aesch.
685 4615 709 4662 in
729 4615 794 4668 Ctes.
827 4613 869 4666 21.
902 4615 989 4664 Simile
1012 4621 1055 4679 est,
1081 4615 1149 4679 quod
1174 4615 1240 4678 apud
1259 4615 1385 4663 Cumanos
1403 4616 1493 4663 summi
1512 4611 1669 4680 magistratus

394 4745 395 4748 η
437 4703 591 4771 (βασιλεῖς),
611 4705 670 4772 dum
689 4709 786 4752 senatus
805 4704 836 4752 de
855 4704 1068 4752 administratione
1087 4719 1171 4752 eorum
1197 4705 1318 4752 deliberat
1338 4709 1360 4751 et
1379 4705 1523 4752 sententiam
1542 4705 1617 4768 dicit,
1644 4708 1670 4756 in

437 4793 541 4842 vinculis
560 4799 671 4842 tenentur
690 4792 762 4858 (Plut.
776 4799 867 4856 quaest.
881 4791 1016 4858 graec.·2).
