<?xml version="1.0" encoding="UTF-8"?>
<!DOCTYPE html PUBLIC "-//W3C//DTD XHTML 1.0 Transitional//EN"
    "http://www.w3.org/TR/xhtml1/DTD/xhtml1-transitional.dtd">
<html xmlns="http://www.w3.org/1999/xhtml" xml:lang="en" lang="en">
 <head>
  <title>
</title>
<meta http-equiv="Content-Type" content="text/html;charset=utf-8" />
  <meta name='ocr-system' content='tesseract 3.04.00' />
  <meta name='ocr-capabilities' content='ocr_page ocr_carea ocr_par ocr_line ocrx_word'/>
</head>
<body>
  <div class='ocr_page' id='page_1' title='image "./rudolfischoelli00schogoog_0020.png"; bbox 0 0 3706 5876; ppageno 0'>
   <div class='ocr_carea' id='block_1_1' title="bbox 680 575 918 651">
    <p class='ocr_par' dir='ltr' id='par_1_1' title="bbox 680 575 918 651">
     <span class='ocr_line' id='line_1_1' title="bbox 680 575 918 651; baseline -0.004 -18"><span class='ocrx_word' id='word_1_1' title='bbox 680 575 918 651; x_wconf 45' lang='lat'>,-15-</span> 
     </span>
    </p>
   </div>
   <div class='ocr_carea' id='block_1_2' title="bbox 196 732 1429 2534">
    <p class='ocr_par' dir='ltr' id='par_1_2' title="bbox 196 732 1427 1576">
     <span class='ocr_line' id='line_1_2' title="bbox 288 732 1427 829; baseline -0.004 -18"><span class='ocrx_word' id='word_1_2' title='bbox 288 732 399 829; x_wconf 84' lang='lat' dir='ltr'>Itaque</span> <span class='ocrx_word' id='word_1_3' title='bbox 422 751 464 810; x_wconf 93' lang='lat' dir='ltr'>ad</span> <span class='ocrx_word' id='word_1_4' title='bbox 488 749 588 810; x_wconf 92' lang='lat' dir='ltr'>istam·</span> <span class='ocrx_word' id='word_1_5' title='bbox 602 750 633 810; x_wconf 90' lang='lat' dir='ltr'>in</span> <span class='ocrx_word' id='word_1_6' title='bbox 649 747 762 810; x_wconf 91' lang='lat' dir='ltr'>iudicio</span> <span class='ocrx_word' id='word_1_7' title='bbox 779 749 937 809; x_wconf 82' lang='lat' dir='ltr'>actionem</span> <span class='ocrx_word' id='word_1_8' title='bbox 955 750 1170 810; x_wconf 89' lang='lat' dir='ltr'>revocandum</span> <span class='ocrx_word' id='word_1_9' title='bbox 1195 749 1253 810; x_wconf 90' lang='lat' dir='ltr'>erit</span> <span class='ocrx_word' id='word_1_10' title='bbox 1273 747 1427 810; x_wconf 89' lang='lat' dir='ltr'>sollemne</span> 
     </span>
     <span class='ocr_line' id='line_1_3' title="bbox 196 849 1426 937; baseline -0.001 -20"><span class='ocrx_word' id='word_1_11' title='bbox 196 855 274 918; x_wconf 92' lang='lat' dir='ltr'>illud</span> <span class='ocrx_word' id='word_1_12' title='bbox 297 857 461 937; x_wconf 89' lang='lat' dir='ltr'>praeconis</span> <span class='ocrx_word' id='word_1_13' title='bbox 484 855 669 936; x_wconf 89' lang='lat' dir='ltr'>logistarum</span> <span class='ocrx_word' id='word_1_14' title='bbox 693 857 743 923; x_wconf 81' lang='grc' dir='ltr'><strong><em>τὶς</em></strong></span> <span class='ocrx_word' id='word_1_15' title='bbox 766 849 926 931; x_wconf 72' lang='grc' dir='ltr'><strong><em>βούλεται</em></strong></span> <span class='ocrx_word' id='word_1_16' title='bbox 957 856 1200 937; x_wconf 72' lang='grc' dir='ltr'><strong><em>κατηγορεῖν,·1)</em></strong></span> <span class='ocrx_word' id='word_1_17' title='bbox 1225 854 1310 916; x_wconf 92' lang='lat' dir='ltr'>Nam</span> <span class='ocrx_word' id='word_1_18' title='bbox 1338 854 1426 935; x_wconf 93' lang='lat' dir='ltr'>quod</span> 
     </span>
     <span class='ocr_line' id='line_1_4' title="bbox 196 961 1425 1044; baseline -0.002 -20"><span class='ocrx_word' id='word_1_19' title='bbox 196 971 310 1044; x_wconf 87' lang='lat' dir='ltr'>putant</span> <span class='ocrx_word' id='word_1_20' title='bbox 348 963 437 1022; x_wconf 89' lang='lat' dir='ltr'>statis</span> <span class='ocrx_word' id='word_1_21' title='bbox 477 962 588 1023; x_wconf 90' lang='lat' dir='ltr'>diebus</span> <span class='ocrx_word' id='word_1_22' title='bbox 619 962 732 1042; x_wconf 92' lang='lat' dir='ltr'>quibus</span> <span class='ocrx_word' id='word_1_23' title='bbox 771 963 974 1040; x_wconf 81' lang='lat' dir='ltr'>magistratus</span> <span class='ocrx_word' id='word_1_24' title='bbox 1009 963 1094 1041; x_wconf 94' lang='lat' dir='ltr'>apud</span> <span class='ocrx_word' id='word_1_25' title='bbox 1125 961 1255 1042; x_wconf 89' lang='lat' dir='ltr'>logistas</span> <span class='ocrx_word' id='word_1_26' title='bbox 1287 961 1425 1023; x_wconf 87' lang='lat' dir='ltr'>rationes</span> 
     </span>
     <span class='ocr_line' id='line_1_5' title="bbox 197 1067 1427 1151; baseline -0.002 -21"><span class='ocrx_word' id='word_1_27' title='bbox 197 1070 384 1142; x_wconf 84' lang='lat' dir='ltr'>redderent,</span> <span class='ocrx_word' id='word_1_28' title='bbox 423 1069 483 1130; x_wconf 92' lang='lat' dir='ltr'>isto</span> <span class='ocrx_word' id='word_1_29' title='bbox 517 1069 686 1148; x_wconf 89' lang='lat' dir='ltr'>praeconio</span> <span class='ocrx_word' id='word_1_30' title='bbox 720 1069 750 1129; x_wconf 93' lang='lat' dir='ltr'>in</span> <span class='ocrx_word' id='word_1_31' title='bbox 782 1067 860 1151; x_wconf 50' lang='lat' dir='ltr'>¹soro</span> <span class='ocrx_word' id='word_1_32' title='bbox 893 1069 1054 1130; x_wconf 89' lang='lat' dir='ltr'>enuntiato</span> <span class='ocrx_word' id='word_1_33' title='bbox 1087 1076 1286 1130; x_wconf 82' lang='lat' dir='ltr'>accusatores</span> <span class='ocrx_word' id='word_1_34' title='bbox 1317 1068 1343 1128; x_wconf 90' lang='lat' dir='ltr'>si</span> <span class='ocrx_word' id='word_1_35' title='bbox 1373 1067 1427 1148; x_wconf 92' lang='lat' dir='ltr'>qui</span> 
     </span>
     <span class='ocr_line' id='line_1_6' title="bbox 199 1173 1426 1256; baseline -0.002 -19"><span class='ocrx_word' id='word_1_36' title='bbox 199 1184 305 1238; x_wconf 86' lang='lat' dir='ltr'>essent</span> <span class='ocrx_word' id='word_1_37' title='bbox 328 1176 359 1235; x_wconf 93' lang='lat' dir='ltr'>in</span> <span class='ocrx_word' id='word_1_38' title='bbox 382 1173 578 1255; x_wconf 90' lang='lat' dir='ltr'>logisterium</span> <span class='ocrx_word' id='word_1_39' title='bbox 609 1175 731 1236; x_wconf 87' lang='lat' dir='ltr'>invitari</span> <span class='ocrx_word' id='word_1_40' title='bbox 742 1179 786 1252; x_wconf 68' lang='lat'>²1:</span> <span class='ocrx_word' id='word_1_41' title='bbox 818 1195 921 1256; x_wconf 91' lang='lat' dir='ltr'>neque</span> <span class='ocrx_word' id='word_1_42' title='bbox 953 1175 1018 1236; x_wconf 91' lang='lat' dir='ltr'>eius</span> <span class='ocrx_word' id='word_1_43' title='bbox 1051 1176 1094 1236; x_wconf 90' lang='lat' dir='ltr'>rei</span> <span class='ocrx_word' id='word_1_44' title='bbox 1122 1176 1208 1256; x_wconf 92' lang='lat' dir='ltr'>apud</span> <span class='ocrx_word' id='word_1_45' title='bbox 1231 1173 1426 1236; x_wconf 87' lang='lat' dir='ltr'>Aeschinem</span> 
     </span>
     <span class='ocr_line' id='line_1_7' title="bbox 197 1280 1427 1362; baseline -0.003 -18"><span class='ocrx_word' id='word_1_46' title='bbox 197 1282 344 1344; x_wconf 91' lang='lat' dir='ltr'>indicium</span> <span class='ocrx_word' id='word_1_47' title='bbox 368 1289 417 1343; x_wconf 89' lang='lat' dir='ltr'>est</span> <span class='ocrx_word' id='word_1_48' title='bbox 439 1301 542 1361; x_wconf 90' lang='lat' dir='ltr'>neque</span> <span class='ocrx_word' id='word_1_49' title='bbox 566 1282 696 1343; x_wconf 91' lang='lat' dir='ltr'>omnino</span> <span class='ocrx_word' id='word_1_50' title='bbox 720 1281 855 1342; x_wconf 93' lang='lat' dir='ltr'>multum</span> <span class='ocrx_word' id='word_1_51' title='bbox 878 1281 1108 1362; x_wconf 89' lang='lat' dir='ltr'>probabilitatis</span> <span class='ocrx_word' id='word_1_52' title='bbox 1140 1281 1238 1343; x_wconf 91' lang='lat' dir='ltr'>habet</span> <span class='ocrx_word' id='word_1_53' title='bbox 1272 1280 1427 1343; x_wconf 91' lang='lat' dir='ltr'>eiusmodi</span> 
     </span>
     <span class='ocr_line' id='line_1_8' title="bbox 197 1385 1426 1468; baseline -0.001 -19"><span class='ocrx_word' id='word_1_54' title='bbox 197 1408 292 1450; x_wconf 89' lang='lat' dir='ltr'>causa</span> <span class='ocrx_word' id='word_1_55' title='bbox 331 1397 402 1450; x_wconf 81' lang='lat' dir='ltr'>&#39;acta</span> <span class='ocrx_word' id='word_1_56' title='bbox 439 1388 469 1449; x_wconf 93' lang='lat' dir='ltr'>in</span> <span class='ocrx_word' id='word_1_57' title='bbox 509 1387 679 1468; x_wconf 89' lang='lat' dir='ltr'>logisteri0.</span> <span class='ocrx_word' id='word_1_58' title='bbox 735 1387 855 1450; x_wconf 87' lang='lat' dir='ltr'>Contra</span> <span class='ocrx_word' id='word_1_59' title='bbox 905 1389 946 1449; x_wconf 93' lang='lat' dir='ltr'>de</span> <span class='ocrx_word' id='word_1_60' title='bbox 986 1389 1171 1468; x_wconf 88' lang='lat' dir='ltr'>magistratu</span> <span class='ocrx_word' id='word_1_61' title='bbox 1209 1389 1240 1449; x_wconf 93' lang='lat' dir='ltr'>in</span> <span class='ocrx_word' id='word_1_62' title='bbox 1278 1385 1426 1448; x_wconf 89' lang='lat' dir='ltr'>iudicium</span> 
     </span>
     <span class='ocr_line' id='line_1_9' title="bbox 198 1494 1298 1576; baseline -0.001 -20"><span class='ocrx_word' id='word_1_63' title='bbox 198 1496 384 1576; x_wconf 85' lang='lat' dir='ltr'>experiundi</span> <span class='ocrx_word' id='word_1_64' title='bbox 408 1514 503 1556; x_wconf 91' lang='lat' dir='ltr'>causa</span> <span class='ocrx_word' id='word_1_65' title='bbox 526 1496 643 1556; x_wconf 90' lang='lat' dir='ltr'>educto</span> <span class='ocrx_word' id='word_1_66' title='bbox 667 1495 710 1566; x_wconf 86' lang='lat' dir='ltr'>ita</span> <span class='ocrx_word' id='word_1_67' title='bbox 733 1495 884 1556; x_wconf 90' lang='lat' dir='ltr'>enuntiari</span> <span class='ocrx_word' id='word_1_68' title='bbox 908 1495 1053 1575; x_wconf 91' lang='lat' dir='ltr'>apprime</span> <span class='ocrx_word' id='word_1_69' title='bbox 1077 1495 1120 1556; x_wconf 92' lang='lat' dir='ltr'>rei</span> <span class='ocrx_word' id='word_1_70' title='bbox 1144 1494 1298 1555; x_wconf 90' lang='lat' dir='ltr'>convenit.</span> 
     </span>
    </p>

    <p class='ocr_par' dir='ltr' id='par_1_3' title="bbox 197 1598 1429 2534">
     <span class='ocr_line' id='line_1_10' title="bbox 288 1598 1428 1682; baseline -0.002 -20"><span class='ocrx_word' id='word_1_71' title='bbox 288 1601 389 1681; x_wconf 88' lang='lat' dir='ltr'>Atqui</span> <span class='ocrx_word' id='word_1_72' title='bbox 428 1601 552 1662; x_wconf 90' lang='lat' dir='ltr'>obverti</span> <span class='ocrx_word' id='word_1_73' title='bbox 590 1621 655 1662; x_wconf 90' lang='lat' dir='ltr'>non</span> <span class='ocrx_word' id='word_1_74' title='bbox 693 1602 759 1662; x_wconf 91' lang='lat' dir='ltr'>sine</span> <span class='ocrx_word' id='word_1_75' title='bbox 791 1602 896 1682; x_wconf 90' lang='lat' dir='ltr'>specie</span> <span class='ocrx_word' id='word_1_76' title='bbox 934 1602 1072 1682; x_wconf 90' lang='lat' dir='ltr'>potuerit</span> <span class='ocrx_word' id='word_1_77' title='bbox 1103 1598 1260 1663; x_wconf 89' lang='lat' dir='ltr'>Stratonis</span> <span class='ocrx_word' id='word_1_78' title='bbox 1292 1619 1428 1663; x_wconf 84' lang='lat' dir='ltr'>causaa</span> 
     </span>
     <span class='ocr_line' id='line_1_11' title="bbox 199 1706 1427 1788; baseline -0.002 -19"><span class='ocrx_word' id='word_1_79' title='bbox 199 1707 419 1770; x_wconf 88' lang='lat' dir='ltr'>Demosthene</span> <span class='ocrx_word' id='word_1_80' title='bbox 457 1709 488 1768; x_wconf 93' lang='lat' dir='ltr'>in</span> <span class='ocrx_word' id='word_1_81' title='bbox 524 1707 662 1768; x_wconf 88' lang='lat' dir='ltr'>Midiana</span> <span class='ocrx_word' id='word_1_82' title='bbox 694 1707 725 1787; x_wconf 76' lang='lat' dir='ltr'>(S</span> <span class='ocrx_word' id='word_1_83' title='bbox 758 1709 813 1776; x_wconf 81' lang='grc'>87)</span> <span class='ocrx_word' id='word_1_84' title='bbox 845 1708 982 1769; x_wconf 90' lang='lat' dir='ltr'>indicata</span> <span class='ocrx_word' id='word_1_85' title='bbox 1012 1708 1114 1787; x_wconf 87' lang='lat' dir='ltr'>magis</span> <span class='ocrx_word' id='word_1_86' title='bbox 1144 1727 1241 1788; x_wconf 91' lang='lat' dir='ltr'>quam</span> <span class='ocrx_word' id='word_1_87' title='bbox 1273 1706 1427 1787; x_wconf 87' lang='lat' dir='ltr'>exposita.</span> 
     </span>
     <span class='ocr_line' id='line_1_12' title="bbox 200 1812 1427 1896; baseline -0.001 -22"><span class='ocrx_word' id='word_1_88' title='bbox 200 1813 273 1896; x_wconf 82' lang='lat' dir='ltr'>Qua</span> <span class='ocrx_word' id='word_1_89' title='bbox 295 1825 403 1878; x_wconf 90' lang='lat' dir='ltr'>tamen</span> <span class='ocrx_word' id='word_1_90' title='bbox 427 1822 552 1875; x_wconf 90' lang='lat' dir='ltr'>tantum</span> <span class='ocrx_word' id='word_1_91' title='bbox 577 1814 676 1888; x_wconf 85' lang='lat' dir='ltr'>abest,</span> <span class='ocrx_word' id='word_1_92' title='bbox 705 1823 739 1876; x_wconf 88' lang='lat' dir='ltr'>ut</span> <span class='ocrx_word' id='word_1_93' title='bbox 762 1815 851 1894; x_wconf 92' lang='lat' dir='ltr'>quod</span> <span class='ocrx_word' id='word_1_94' title='bbox 881 1815 974 1894; x_wconf 91' lang='lat' dir='ltr'>posui</span> <span class='ocrx_word' id='word_1_95' title='bbox 1001 1812 1202 1894; x_wconf 81' lang='lat' dir='ltr'>infringatur,</span> <span class='ocrx_word' id='word_1_96' title='bbox 1235 1822 1270 1874; x_wconf 91' lang='lat' dir='ltr'>ut</span> <span class='ocrx_word' id='word_1_97' title='bbox 1300 1813 1427 1874; x_wconf 90' lang='lat' dir='ltr'>firmum</span> 
     </span>
     <span class='ocr_line' id='line_1_13' title="bbox 198 1914 1427 2000; baseline -0.002 -19"><span class='ocrx_word' id='word_1_98' title='bbox 198 1921 271 1982; x_wconf 91' lang='lat' dir='ltr'>inde</span> <span class='ocrx_word' id='word_1_99' title='bbox 288 1914 444 1982; x_wconf 89' lang='lat' dir='ltr'>auxilium</span> <span class='ocrx_word' id='word_1_100' title='bbox 460 1919 611 2000; x_wconf 89' lang='lat' dir='ltr'>adquirat.</span> <span class='ocrx_word' id='word_1_101' title='bbox 643 1921 690 1981; x_wconf 89' lang='lat' dir='ltr'>lta</span> <span class='ocrx_word' id='word_1_102' title='bbox 713 1923 796 1981; x_wconf 91' lang='lat' dir='ltr'>enim</span> <span class='ocrx_word' id='word_1_103' title='bbox 821 1940 873 1982; x_wconf 92' lang='lat' dir='ltr'>res</span> <span class='ocrx_word' id='word_1_104' title='bbox 897 1940 932 1982; x_wconf 89' lang='lat' dir='ltr'>se</span> <span class='ocrx_word' id='word_1_105' title='bbox 957 1919 1063 1982; x_wconf 90' lang='lat' dir='ltr'>habet.</span> <span class='ocrx_word' id='word_1_106' title='bbox 1095 1918 1204 1982; x_wconf 88' lang='lat' dir='ltr'>Strato</span> <span class='ocrx_word' id='word_1_107' title='bbox 1229 1918 1427 1980; x_wconf 89' lang='lat' dir='ltr'>Phalerensis</span> 
     </span>
     <span class='ocr_line' id='line_1_14' title="bbox 198 2025 1427 2107; baseline -0.001 -20"><span class='ocrx_word' id='word_1_108' title='bbox 198 2027 314 2088; x_wconf 89' lang='lat' dir='ltr'>arbiter</span> <span class='ocrx_word' id='word_1_109' title='bbox 337 2025 461 2107; x_wconf 90' lang='lat' dir='ltr'>publice</span> <span class='ocrx_word' id='word_1_110' title='bbox 493 2027 680 2088; x_wconf 89' lang='lat' dir='ltr'>constitutus</span> <span class='ocrx_word' id='word_1_111' title='bbox 711 2028 742 2087; x_wconf 94' lang='lat' dir='ltr'>in</span> <span class='ocrx_word' id='word_1_112' title='bbox 766 2046 861 2088; x_wconf 90' lang='lat' dir='ltr'>causa</span> <span class='ocrx_word' id='word_1_113' title='bbox 893 2026 1119 2088; x_wconf 88' lang='lat' dir='ltr'>Demosthenis</span> <span class='ocrx_word' id='word_1_114' title='bbox 1151 2035 1262 2088; x_wconf 89' lang='lat' dir='ltr'>contra</span> <span class='ocrx_word' id='word_1_115' title='bbox 1293 2025 1427 2088; x_wconf 90' lang='lat' dir='ltr'>Midiam</span> 
     </span>
     <span class='ocr_line' id='line_1_15' title="bbox 201 2132 1428 2215; baseline 0.001 -23"><span class='ocrx_word' id='word_1_116' title='bbox 201 2135 398 2215; x_wconf 78' lang='grc' dir='ltr'><strong><em>κακηγορίου</em></strong></span> <span class='ocrx_word' id='word_1_117' title='bbox 443 2134 633 2195; x_wconf 88' lang='lat' dir='ltr'>sententiam</span> <span class='ocrx_word' id='word_1_118' title='bbox 676 2134 850 2194; x_wconf 87' lang='lat' dir='ltr'>secundum</span> <span class='ocrx_word' id='word_1_119' title='bbox 896 2132 1151 2194; x_wconf 84' lang='lat' dir='ltr'>Demosthenem</span> <span class='ocrx_word' id='word_1_120' title='bbox 1191 2133 1278 2194; x_wconf 88' lang='lat' dir='ltr'>dixit.</span> <span class='ocrx_word' id='word_1_121' title='bbox 1346 2132 1428 2193; x_wconf 93' lang='lat' dir='ltr'>Hinc</span> 
     </span>
     <span class='ocr_line' id='line_1_16' title="bbox 201 2237 1429 2320; baseline 0 -20"><span class='ocrx_word' id='word_1_122' title='bbox 201 2240 314 2301; x_wconf 90' lang='lat' dir='ltr'>Midias</span> <span class='ocrx_word' id='word_1_123' title='bbox 339 2237 481 2302; x_wconf 84' lang='lat' dir='ltr'>Stratoni</span> <span class='ocrx_word' id='word_1_124' title='bbox 512 2239 638 2300; x_wconf 87' lang='lat' dir='ltr'>insidias</span> <span class='ocrx_word' id='word_1_125' title='bbox 662 2238 827 2300; x_wconf 89' lang='lat' dir='ltr'>moliturus</span> <span class='ocrx_word' id='word_1_126' title='bbox 850 2239 1038 2300; x_wconf 89' lang='lat' dir='ltr'>sententiam</span> <span class='ocrx_word' id='word_1_127' title='bbox 1069 2240 1198 2320; x_wconf 88' lang='lat' dir='ltr'>quidem</span> <span class='ocrx_word' id='word_1_128' title='bbox 1229 2249 1331 2301; x_wconf 90' lang='lat' dir='ltr'>ratam</span> <span class='ocrx_word' id='word_1_129' title='bbox 1362 2239 1429 2300; x_wconf 88' lang='lat' dir='ltr'>fieri</span> 
     </span>
     <span class='ocr_line' id='line_1_17' title="bbox 197 2344 1428 2426; baseline -0.001 -19"><span class='ocrx_word' id='word_1_130' title='bbox 197 2347 327 2426; x_wconf 84' lang='lat' dir='ltr'>patitur,</span> <span class='ocrx_word' id='word_1_131' title='bbox 358 2366 397 2406; x_wconf 90' lang='lat' dir='ltr'>ne</span> <span class='ocrx_word' id='word_1_132' title='bbox 428 2345 469 2406; x_wconf 92' lang='lat' dir='ltr'>illi</span> <span class='ocrx_word' id='word_1_133' title='bbox 504 2347 715 2426; x_wconf 90' lang='lat' dir='ltr'>suspicionem</span> <span class='ocrx_word' id='word_1_134' title='bbox 748 2356 895 2407; x_wconf 90' lang='lat' dir='ltr'>moveat:</span> <span class='ocrx_word' id='word_1_135' title='bbox 929 2346 987 2406; x_wconf 91' lang='lat' dir='ltr'>sed</span> <span class='ocrx_word' id='word_1_136' title='bbox 1018 2365 1128 2407; x_wconf 91' lang='lat' dir='ltr'>eorum</span> <span class='ocrx_word' id='word_1_137' title='bbox 1160 2347 1282 2407; x_wconf 88' lang='lat' dir='ltr'>dierum</span> <span class='ocrx_word' id='word_1_138' title='bbox 1313 2344 1428 2426; x_wconf 87' lang='lat' dir='ltr'>quibus</span> 
     </span>
     <span class='ocr_line' id='line_1_18' title="bbox 197 2451 1427 2534; baseline -0.001 -20"><span class='ocrx_word' id='word_1_139' title='bbox 197 2452 387 2514; x_wconf 89' lang='lat' dir='ltr'>arbitrorum</span> <span class='ocrx_word' id='word_1_140' title='bbox 412 2451 612 2534; x_wconf 92' lang='lat' dir='ltr'>publicorum</span> <span class='ocrx_word' id='word_1_141' title='bbox 634 2451 793 2531; x_wconf 90' lang='lat' dir='ltr'>euthynae</span> <span class='ocrx_word' id='word_1_142' title='bbox 809 2451 894 2513; x_wconf 85' lang='lat' dir='ltr'>fixae</span> <span class='ocrx_word' id='word_1_143' title='bbox 910 2461 1000 2513; x_wconf 89' lang='lat' dir='ltr'>erant</span> <span class='ocrx_word' id='word_1_144' title='bbox 1016 2451 1162 2514; x_wconf 90' lang='lat' dir='ltr'>ultimum</span> <span class='ocrx_word' id='word_1_145' title='bbox 1180 2463 1331 2534; x_wconf 88' lang='lat' dir='ltr'>oppertus</span> <span class='ocrx_word' id='word_1_146' title='bbox 1343 2455 1366 2526; x_wconf 77' lang='lat'>³)</span> <span class='ocrx_word' id='word_1_147' title='bbox 1385 2487 1427 2496; x_wconf 91' lang='lat'>—</span> 
     </span>
    </p>
   </div>
   <div class='ocr_carea' id='block_1_3' title="bbox 197 2641 1507 4932">
    <p class='ocr_par' dir='ltr' id='par_1_4' title="bbox 197 2641 1432 3766">
     <span class='ocr_line' id='line_1_19' title="bbox 200 2641 1428 2719; baseline 0 -21"><span class='ocrx_word' id='word_1_148' title='bbox 200 2642 312 2704; x_wconf 76' lang='grc' dir='ltr'><strong><em>οὐδενὸς</em></strong></span> <span class='ocrx_word' id='word_1_149' title='bbox 330 2645 359 2698; x_wconf 75' lang='grc' dir='ltr'>δὲ</span> <span class='ocrx_word' id='word_1_150' title='bbox 379 2645 561 2719; x_wconf 76' lang='grc' dir='ltr'><strong><em>κατηγορῆσαι</em></strong></span> <span class='ocrx_word' id='word_1_151' title='bbox 586 2641 771 2716; x_wconf 71' lang='grc' dir='ltr'><strong><em>τολμήσαντος</em></strong></span> <span class='ocrx_word' id='word_1_152' title='bbox 794 2641 863 2708; x_wconf 68' lang='grc' dir='ltr'><strong><em>πλὴν</em></strong></span> <span class='ocrx_word' id='word_1_153' title='bbox 890 2645 1087 2715; x_wconf 84' lang='grc' dir='ltr'><strong><em>Μενεσαίχμου</em></strong></span> <span class='ocrx_word' id='word_1_154' title='bbox 1113 2643 1160 2704; x_wconf 82' lang='grc' dir='ltr'><strong><em>τὰς</em></strong></span> <span class='ocrx_word' id='word_1_155' title='bbox 1185 2641 1311 2713; x_wconf 74' lang='grc' dir='ltr'><strong><em>διαβολὰς</em></strong></span> <span class='ocrx_word' id='word_1_156' title='bbox 1330 2641 1428 2698; x_wconf 71' lang='lat' dir='ltr'>ninniv-</span> 
     </span>
     <span class='ocr_line' id='line_1_20' title="bbox 198 2731 1429 2805; baseline -0.003 -18"><span class='ocrx_word' id='word_1_157' title='bbox 198 2731 320 2805; x_wconf 79' lang='grc' dir='ltr'><strong><em>σάμενος</em></strong></span> <span class='ocrx_word' id='word_1_158' title='bbox 338 2732 376 2792; x_wconf 82' lang='grc' dir='ltr'>εἷς</span> <span class='ocrx_word' id='word_1_159' title='bbox 394 2731 444 2797; x_wconf 66' lang='grc' dir='ltr'>τὴν</span> <span class='ocrx_word' id='word_1_160' title='bbox 463 2734 554 2786; x_wconf 78' lang='grc' dir='ltr'><strong><em>οἰκίαν</em></strong></span> <span class='ocrx_word' id='word_1_161' title='bbox 579 2731 762 2803; x_wconf 74' lang='grc' dir='ltr'><strong><em>ἀπεκομίσθη.</em></strong></span> <span class='ocrx_word' id='word_1_162' title='bbox 801 2735 872 2798; x_wconf 87' lang='lat' dir='ltr'>Quae</span> <span class='ocrx_word' id='word_1_163' title='bbox 890 2737 911 2784; x_wconf 92' lang='lat' dir='ltr'>si</span> <span class='ocrx_word' id='word_1_164' title='bbox 929 2736 1007 2784; x_wconf 92' lang='lat' dir='ltr'>modo</span> <span class='ocrx_word' id='word_1_165' title='bbox 1026 2737 1061 2783; x_wconf 92' lang='lat' dir='ltr'>ita</span> <span class='ocrx_word' id='word_1_166' title='bbox 1080 2751 1106 2784; x_wconf 91' lang='lat' dir='ltr'>se</span> <span class='ocrx_word' id='word_1_167' title='bbox 1124 2736 1261 2784; x_wconf 87' lang='lat' dir='ltr'>habuerunt</span> <span class='ocrx_word' id='word_1_168' title='bbox 1280 2764 1313 2772; x_wconf 92' lang='lat'>—</span> <span class='ocrx_word' id='word_1_169' title='bbox 1333 2736 1429 2784; x_wconf 88' lang='lat' dir='ltr'>diversa</span> 
     </span>
     <span class='ocr_line' id='line_1_21' title="bbox 198 2825 1430 2888; baseline 0.001 -16"><span class='ocrx_word' id='word_1_170' title='bbox 198 2833 279 2872; x_wconf 86' lang='lat' dir='ltr'>autem</span> <span class='ocrx_word' id='word_1_171' title='bbox 298 2826 401 2874; x_wconf 86' lang='lat' dir='ltr'>miscere</span> <span class='ocrx_word' id='word_1_172' title='bbox 430 2825 596 2888; x_wconf 87' lang='lat' dir='ltr'>biographum</span> <span class='ocrx_word' id='word_1_173' title='bbox 617 2839 719 2888; x_wconf 88' lang='lat' dir='ltr'>arguere</span> <span class='ocrx_word' id='word_1_174' title='bbox 737 2825 833 2873; x_wconf 91' lang='lat' dir='ltr'>videtur</span> <span class='ocrx_word' id='word_1_175' title='bbox 851 2825 938 2872; x_wconf 90' lang='lat' dir='ltr'>metroi</span> <span class='ocrx_word' id='word_1_176' title='bbox 963 2830 987 2872; x_wconf 91' lang='lat' dir='ltr'>et</span> <span class='ocrx_word' id='word_1_177' title='bbox 1005 2826 1087 2873; x_wconf 89' lang='lat' dir='ltr'>curiae</span> <span class='ocrx_word' id='word_1_178' title='bbox 1112 2841 1167 2873; x_wconf 89' lang='lat' dir='ltr'>cum</span> <span class='ocrx_word' id='word_1_179' title='bbox 1186 2825 1369 2874; x_wconf 89' lang='lat' dir='ltr'>Menesaechml</span> <span class='ocrx_word' id='word_1_180' title='bbox 1388 2841 1430 2873; x_wconf 88' lang='lat' dir='ltr'>ac-</span> 
     </span>
     <span class='ocr_line' id='line_1_22' title="bbox 198 2912 1429 2978; baseline 0 -16"><span class='ocrx_word' id='word_1_181' title='bbox 198 2913 324 2962; x_wconf 89' lang='lat' dir='ltr'>cusatione</span> <span class='ocrx_word' id='word_1_182' title='bbox 343 2913 494 2973; x_wconf 82' lang='lat' dir='ltr'>coniunctio,</span> <span class='ocrx_word' id='word_1_183' title='bbox 514 2929 588 2976; x_wconf 87' lang='lat' dir='ltr'>quam</span> <span class='ocrx_word' id='word_1_184' title='bbox 607 2912 876 2978; x_wconf 21' lang='lat' dir='ltr'>parumtprobabiliter</span> <span class='ocrx_word' id='word_1_185' title='bbox 895 2913 1001 2977; x_wconf 79' lang='lat' dir='ltr'>explicat</span> <span class='ocrx_word' id='word_1_186' title='bbox 1019 2913 1183 2962; x_wconf 89' lang='lat' dir='ltr'>Wachsmuth</span> <span class='ocrx_word' id='word_1_187' title='bbox 1208 2914 1233 2963; x_wconf 85' lang='lat' dir='ltr'>d.</span> <span class='ocrx_word' id='word_1_188' title='bbox 1254 2913 1330 2962; x_wconf 80' lang='lat' dir='ltr'>stadt</span> <span class='ocrx_word' id='word_1_189' title='bbox 1347 2915 1429 2963; x_wconf 79' lang='lat' dir='ltr'>Athen</span> 
     </span>
     <span class='ocr_line' id='line_1_23' title="bbox 197 3001 1428 3067; baseline 0 -15"><span class='ocrx_word' id='word_1_190' title='bbox 197 3005 208 3052; x_wconf 92' lang='lat'>1</span> <span class='ocrx_word' id='word_1_191' title='bbox 227 3001 283 3063; x_wconf 85' lang='lat'>163,</span> <span class='ocrx_word' id='word_1_192' title='bbox 303 3030 336 3038; x_wconf 99' lang='lat'><em>-</em></span> <span class='ocrx_word' id='word_1_193' title='bbox 357 3010 438 3051; x_wconf 90' lang='lat' dir='ltr'>tamen</span> <span class='ocrx_word' id='word_1_194' title='bbox 456 3003 537 3066; x_wconf 88' lang='lat' dir='ltr'>utique</span> <span class='ocrx_word' id='word_1_195' title='bbox 549 3017 647 3066; x_wconf 86' lang='lat' dir='ltr'>prorsus</span> <span class='ocrx_word' id='word_1_196' title='bbox 667 3001 796 3066; x_wconf 88' lang='lat' dir='ltr'>singularis</span> <span class='ocrx_word' id='word_1_197' title='bbox 809 3003 914 3066; x_wconf 88' lang='lat' dir='ltr'>exempli</span> <span class='ocrx_word' id='word_1_198' title='bbox 928 3018 965 3051; x_wconf 90' lang='lat' dir='ltr'>res</span> <span class='ocrx_word' id='word_1_199' title='bbox 984 3007 1052 3051; x_wconf 89' lang='lat' dir='ltr'>erat:</span> <span class='ocrx_word' id='word_1_200' title='bbox 1074 3018 1129 3051; x_wconf 93' lang='lat' dir='ltr'>cum</span> <span class='ocrx_word' id='word_1_201' title='bbox 1143 3003 1268 3067; x_wconf 88' lang='lat' dir='ltr'>Lycurgus</span> <span class='ocrx_word' id='word_1_202' title='bbox 1287 3019 1330 3051; x_wconf 90' lang='lat' dir='ltr'>sua</span> <span class='ocrx_word' id='word_1_203' title='bbox 1340 3001 1428 3066; x_wconf 82' lang='lat' dir='ltr'>sponte</span> 
     </span>
     <span class='ocr_line' id='line_1_24' title="bbox 199 3091 1430 3156; baseline 0 -16"><span class='ocrx_word' id='word_1_204' title='bbox 199 3092 328 3141; x_wconf 81' lang='lat' dir='ltr'>accederet</span> <span class='ocrx_word' id='word_1_205' title='bbox 347 3091 380 3138; x_wconf 88' lang='lat' dir='ltr'>ad</span> <span class='ocrx_word' id='word_1_206' title='bbox 399 3091 580 3140; x_wconf 76' lang='lat' dir='ltr'>defendendam</span> <span class='ocrx_word' id='word_1_207' title='bbox 600 3091 846 3156; x_wconf 87' lang='lat' dir='ltr'>administrationem,</span> <span class='ocrx_word' id='word_1_208' title='bbox 867 3092 933 3140; x_wconf 87' lang='lat' dir='ltr'>cuius</span> <span class='ocrx_word' id='word_1_209' title='bbox 953 3091 1045 3140; x_wconf 90' lang='lat' dir='ltr'>dudum</span> <span class='ocrx_word' id='word_1_210' title='bbox 1064 3092 1184 3140; x_wconf 90' lang='lat' dir='ltr'>rationem</span> <span class='ocrx_word' id='word_1_211' title='bbox 1204 3092 1249 3141; x_wconf 89' lang='lat' dir='ltr'>rite</span> <span class='ocrx_word' id='word_1_212' title='bbox 1273 3092 1430 3148; x_wconf 83' lang='lat' dir='ltr'>reddidisset,</span> 
     </span>
     <span class='ocr_line' id='line_1_25' title="bbox 197 3178 1430 3244; baseline 0 -15"><span class='ocrx_word' id='word_1_213' title='bbox 197 3180 228 3234; x_wconf 85' lang='lat' dir='ltr'>cf.</span> <span class='ocrx_word' id='word_1_214' title='bbox 255 3181 332 3228; x_wconf 89' lang='lat' dir='ltr'>Meier</span> <span class='ocrx_word' id='word_1_215' title='bbox 357 3181 388 3228; x_wconf 88' lang='lat' dir='ltr'>de</span> <span class='ocrx_word' id='word_1_216' title='bbox 413 3181 526 3244; x_wconf 86' lang='lat' dir='ltr'>Lycurgo</span> <span class='ocrx_word' id='word_1_217' title='bbox 550 3197 575 3244; x_wconf 88' lang='lat' dir='ltr'>p.</span> <span class='ocrx_word' id='word_1_218' title='bbox 604 3179 673 3228; x_wconf 81' lang='lat' dir='ltr'>LXII</span> <span class='ocrx_word' id='word_1_219' title='bbox 697 3196 733 3243; x_wconf 88' lang='lat' dir='ltr'>sq.</span> <span class='ocrx_word' id='word_1_220' title='bbox 761 3180 861 3229; x_wconf 81' lang='lat' dir='ltr'>Roeclrh</span> <span class='ocrx_word' id='word_1_221' title='bbox 887 3180 999 3231; x_wconf 79' lang='lat' dir='ltr'>Staatrh.</span> <span class='ocrx_word' id='word_1_222' title='bbox 1026 3178 1130 3233; x_wconf 83' lang='lat'>11115.</span> <span class='ocrx_word' id='word_1_223' title='bbox 1168 3179 1241 3230; x_wconf 83' lang='lat' dir='ltr'>Certe</span> <span class='ocrx_word' id='word_1_224' title='bbox 1266 3181 1299 3228; x_wconf 89' lang='lat' dir='ltr'>ad</span> <span class='ocrx_word' id='word_1_225' title='bbox 1317 3186 1430 3230; x_wconf 90' lang='lat' dir='ltr'>senatum</span> 
     </span>
     <span class='ocr_line' id='line_1_26' title="bbox 198 3268 1428 3332; baseline -0.002 -14"><span class='ocrx_word' id='word_1_226' title='bbox 198 3285 227 3318; x_wconf 88' lang='lat' dir='ltr'>ea</span> <span class='ocrx_word' id='word_1_227' title='bbox 252 3285 290 3316; x_wconf 90' lang='lat' dir='ltr'>res</span> <span class='ocrx_word' id='word_1_228' title='bbox 321 3269 431 3318; x_wconf 85' lang='lat' dir='ltr'>revocari</span> <span class='ocrx_word' id='word_1_229' title='bbox 456 3277 552 3332; x_wconf 83' lang='lat' dir='ltr'>poterat</span> <span class='ocrx_word' id='word_1_230' title='bbox 577 3268 688 3317; x_wconf 85' lang='lat' dir='ltr'>similiter</span> <span class='ocrx_word' id='word_1_231' title='bbox 714 3276 786 3332; x_wconf 88' lang='lat' dir='ltr'>atque</span> <span class='ocrx_word' id='word_1_232' title='bbox 811 3269 843 3317; x_wconf 88' lang='lat' dir='ltr'>ad</span> <span class='ocrx_word' id='word_1_233' title='bbox 867 3275 981 3332; x_wconf 90' lang='lat' dir='ltr'>prytanes</span> <span class='ocrx_word' id='word_1_234' title='bbox 1007 3285 1035 3317; x_wconf 79' lang='lat' dir='ltr'>ex</span> <span class='ocrx_word' id='word_1_235' title='bbox 1062 3269 1223 3318; x_wconf 87' lang='lat' dir='ltr'>Dracontidis</span> <span class='ocrx_word' id='word_1_236' title='bbox 1253 3270 1351 3318; x_wconf 86' lang='lat' dir='ltr'>decreto</span> <span class='ocrx_word' id='word_1_237' title='bbox 1371 3269 1428 3317; x_wconf 91' lang='lat' dir='ltr'>iuris</span> 
     </span>
     <span class='ocr_line' id='line_1_27' title="bbox 199 3353 1430 3428; baseline 0.002 -22"><span class='ocrx_word' id='word_1_238' title='bbox 199 3357 275 3406; x_wconf 87' lang='lat' dir='ltr'>dictio</span> <span class='ocrx_word' id='word_1_239' title='bbox 296 3357 327 3406; x_wconf 88' lang='lat' dir='ltr'>de</span> <span class='ocrx_word' id='word_1_240' title='bbox 348 3356 444 3405; x_wconf 77' lang='lat' dir='ltr'>Periclis</span> <span class='ocrx_word' id='word_1_241' title='bbox 458 3357 672 3405; x_wconf 77' lang='lat' dir='ltr'>administratione</span> <span class='ocrx_word' id='word_1_242' title='bbox 691 3358 778 3405; x_wconf 89' lang='lat' dir='ltr'>aerarii</span> <span class='ocrx_word' id='word_1_243' title='bbox 799 3357 873 3419; x_wconf 86' lang='lat' dir='ltr'>(Plut.</span> <span class='ocrx_word' id='word_1_244' title='bbox 894 3360 946 3409; x_wconf 84' lang='lat' dir='ltr'>l&#39;er.</span> <span class='ocrx_word' id='word_1_245' title='bbox 967 3355 1000 3407; x_wconf 75' lang='lat'>3¹2</span> <span class='ocrx_word' id='word_1_246' title='bbox 1019 3353 1094 3413; x_wconf 82' lang='grc' dir='ltr'><strong><em>ὅπως</em></strong></span> <span class='ocrx_word' id='word_1_247' title='bbox 1112 3355 1138 3408; x_wconf 86' lang='grc' dir='ltr'>οἱ</span> <span class='ocrx_word' id='word_1_248' title='bbox 1151 3354 1226 3426; x_wconf 88' lang='grc' dir='ltr'><strong><em>λόγοι</em></strong></span> <span class='ocrx_word' id='word_1_249' title='bbox 1245 3356 1301 3409; x_wconf 85' lang='grc' dir='ltr'>τῶν</span> <span class='ocrx_word' id='word_1_250' title='bbox 1319 3353 1430 3428; x_wconf 76' lang='grc' dir='ltr'><strong><em>χρημά-</em></strong></span> 
     </span>
     <span class='ocr_line' id='line_1_28' title="bbox 197 3440 1429 3516; baseline -0.002 -18"><span class='ocrx_word' id='word_1_251' title='bbox 197 3464 251 3498; x_wconf 87' lang='grc' dir='ltr'>των</span> <span class='ocrx_word' id='word_1_252' title='bbox 269 3441 320 3498; x_wconf 70' lang='grc' dir='ltr'>ὑπὸ</span> <span class='ocrx_word' id='word_1_253' title='bbox 343 3445 502 3516; x_wconf 75' lang='grc' dir='ltr'><strong><em>Περικλέους</em></strong></span> <span class='ocrx_word' id='word_1_254' title='bbox 525 3444 563 3502; x_wconf 79' lang='grc' dir='ltr'>εἰς</span> <span class='ocrx_word' id='word_1_255' title='bbox 582 3440 642 3502; x_wconf 78' lang='grc' dir='ltr'><strong><em>τοὺς</em></strong></span> <span class='ocrx_word' id='word_1_256' title='bbox 666 3441 810 3516; x_wconf 80' lang='grc' dir='ltr'><strong><em>πρυτάνεις</em></strong></span> <span class='ocrx_word' id='word_1_257' title='bbox 830 3440 999 3503; x_wconf 77' lang='grc' dir='ltr'><strong><em>ἀποτεθεῖεν,</em></strong></span> <span class='ocrx_word' id='word_1_258' title='bbox 1019 3443 1045 3497; x_wconf 85' lang='grc' dir='ltr'>οἱ</span> <span class='ocrx_word' id='word_1_259' title='bbox 1063 3445 1092 3499; x_wconf 78' lang='grc' dir='ltr'>δὲ</span> <span class='ocrx_word' id='word_1_260' title='bbox 1112 3445 1238 3498; x_wconf 74' lang='grc' dir='ltr'><strong><em>δικασταὶ</em></strong></span> <span class='ocrx_word' id='word_1_261' title='bbox 1265 3441 1313 3509; x_wconf 80' lang='grc' dir='ltr'>τὴν</span> <span class='ocrx_word' id='word_1_262' title='bbox 1332 3445 1429 3515; x_wconf 76' lang='grc' dir='ltr'><strong><em>ψῆφον</em></strong></span> 
     </span>
     <span class='ocr_line' id='line_1_29' title="bbox 198 3530 1432 3607; baseline -0.001 -22"><span class='ocrx_word' id='word_1_263' title='bbox 198 3530 253 3586; x_wconf 75' lang='grc' dir='ltr'>ἀπὸ</span> <span class='ocrx_word' id='word_1_264' title='bbox 274 3533 322 3586; x_wconf 80' lang='grc' dir='ltr'><strong><em>τοῦ</em></strong></span> <span class='ocrx_word' id='word_1_265' title='bbox 341 3533 436 3604; x_wconf 74' lang='grc' dir='ltr'><strong><em>βωμοῦ</em></strong></span> <span class='ocrx_word' id='word_1_266' title='bbox 455 3535 584 3607; x_wconf 83' lang='grc' dir='ltr'><strong><em>φέροντες</em></strong></span> <span class='ocrx_word' id='word_1_267' title='bbox 603 3531 633 3586; x_wconf 79' lang='grc' dir='ltr'><strong><em>ἓν</em></strong></span> <span class='ocrx_word' id='word_1_268' title='bbox 652 3533 685 3604; x_wconf 73' lang='grc' dir='ltr'><strong><em>τῇ</em></strong></span> <span class='ocrx_word' id='word_1_269' title='bbox 704 3530 780 3586; x_wconf 82' lang='grc' dir='ltr'><strong><em>πόλει</em></strong></span> <span class='ocrx_word' id='word_1_270' title='bbox 800 3534 944 3605; x_wconf 67' lang='grc' dir='ltr'><strong><em>κρίνοιενλι</em></strong></span> <span class='ocrx_word' id='word_1_271' title='bbox 971 3536 1086 3584; x_wconf 87' lang='lat' dir='ltr'>nimirum</span> <span class='ocrx_word' id='word_1_272' title='bbox 1105 3537 1130 3584; x_wconf 94' lang='lat' dir='ltr'>in</span> <span class='ocrx_word' id='word_1_273' title='bbox 1150 3551 1238 3584; x_wconf 87' lang='lat' dir='ltr'>causae</span> <span class='ocrx_word' id='word_1_274' title='bbox 1262 3537 1359 3585; x_wconf 88' lang='lat' dir='ltr'>actione</span> <span class='ocrx_word' id='word_1_275' title='bbox 1378 3536 1432 3600; x_wconf 88' lang='lat' dir='ltr'>ipsa</span> 
     </span>
     <span class='ocr_line' id='line_1_30' title="bbox 198 3618 1429 3694; baseline 0.003 -23"><span class='ocrx_word' id='word_1_276' title='bbox 198 3639 296 3688; x_wconf 92' lang='lat' dir='ltr'>quoque</span> <span class='ocrx_word' id='word_1_277' title='bbox 309 3623 382 3688; x_wconf 87' lang='lat' dir='ltr'>plane</span> <span class='ocrx_word' id='word_1_278' title='bbox 395 3625 512 3672; x_wconf 85' lang='lat' dir='ltr'>inaudita.</span> <span class='ocrx_word' id='word_1_279' title='bbox 539 3624 578 3674; x_wconf 81' lang='lat' dir='ltr'>ct.</span> <span class='ocrx_word' id='word_1_280' title='bbox 592 3624 666 3672; x_wconf 86' lang='lat' dir='ltr'>etiam</span> <span class='ocrx_word' id='word_1_281' title='bbox 679 3625 862 3688; x_wconf 75' lang='lat' dir='ltr'>inscriptionem</span> <span class='ocrx_word' id='word_1_282' title='bbox 874 3619 932 3691; x_wconf 84' lang='grc' dir='ltr'>Ἑφ.</span> <span class='ocrx_word' id='word_1_283' title='bbox 946 3618 1010 3694; x_wconf 77' lang='grc' dir='ltr'><strong><em>ἆρχ.</em></strong></span> <span class='ocrx_word' id='word_1_284' title='bbox 1024 3621 1095 3676; x_wconf 88' lang='lat'>4104</span> <span class='ocrx_word' id='word_1_285' title='bbox 1107 3641 1130 3675; x_wconf 92' lang='lat' dir='ltr'>v.</span> <span class='ocrx_word' id='word_1_286' title='bbox 1144 3621 1178 3676; x_wconf 82' lang='grc'>89</span> <span class='ocrx_word' id='word_1_287' title='bbox 1193 3625 1266 3684; x_wconf 81' lang='lat' dir='ltr'>(inira</span> <span class='ocrx_word' id='word_1_288' title='bbox 1279 3640 1303 3688; x_wconf 90' lang='lat' dir='ltr'>p.</span> <span class='ocrx_word' id='word_1_289' title='bbox 1313 3622 1346 3676; x_wconf 75' lang='lat'>‘28</span> <span class='ocrx_word' id='word_1_290' title='bbox 1360 3641 1383 3678; x_wconf 86' lang='lat' dir='ltr'>n.</span> <span class='ocrx_word' id='word_1_291' title='bbox 1398 3624 1429 3689; x_wconf 89' lang='lat' dir='ltr'>l);</span> 
     </span>
     <span class='ocr_line' id='line_1_31' title="bbox 198 3711 584 3766; baseline 0.01 -6"><span class='ocrx_word' id='word_1_292' title='bbox 198 3713 257 3760; x_wconf 90' lang='lat' dir='ltr'>item</span> <span class='ocrx_word' id='word_1_293' title='bbox 278 3711 336 3760; x_wconf 88' lang='lat' dir='ltr'>ClG</span> <span class='ocrx_word' id='word_1_294' title='bbox 355 3713 366 3759; x_wconf 90' lang='lat'>1</span> <span class='ocrx_word' id='word_1_295' title='bbox 385 3729 408 3766; x_wconf 90' lang='lat' dir='ltr'>n.</span> <span class='ocrx_word' id='word_1_296' title='bbox 434 3711 482 3765; x_wconf 82' lang='lat'>108</span> <span class='ocrx_word' id='word_1_297' title='bbox 500 3729 523 3766; x_wconf 79' lang='lat' dir='ltr'>v,</span> <span class='ocrx_word' id='word_1_298' title='bbox 544 3711 584 3764; x_wconf 83' lang='lat'>19.</span> 
     </span>
    </p>

    <p class='ocr_par' dir='ltr' id='par_1_5' title="bbox 198 3789 1432 4048">
     <span class='ocr_line' id='line_1_32' title="bbox 289 3789 1432 3873; baseline 0.003 -22"><span class='ocrx_word' id='word_1_299' title='bbox 289 3799 315 3864; x_wconf 90' lang='lat'>1)</span> <span class='ocrx_word' id='word_1_300' title='bbox 335 3801 426 3854; x_wconf 89' lang='lat' dir='ltr'>Aesch.</span> <span class='ocrx_word' id='word_1_301' title='bbox 452 3802 476 3850; x_wconf 92' lang='lat' dir='ltr'>in</span> <span class='ocrx_word' id='word_1_302' title='bbox 503 3802 568 3851; x_wconf 84' lang='lat' dir='ltr'>Ctes.</span> <span class='ocrx_word' id='word_1_303' title='bbox 593 3799 627 3850; x_wconf 66' lang='grc'>23</span> <span class='ocrx_word' id='word_1_304' title='bbox 648 3795 695 3852; x_wconf 73' lang='grc' dir='ltr'>οὐκ</span> <span class='ocrx_word' id='word_1_305' title='bbox 715 3789 763 3852; x_wconf 76' lang='grc' dir='ltr'><strong><em>οὖν</em></strong></span> <span class='ocrx_word' id='word_1_306' title='bbox 783 3797 867 3873; x_wconf 74' lang='grc' dir='ltr'><strong><em>ἐχρῆν</em></strong></span> <span class='ocrx_word' id='word_1_307' title='bbox 886 3815 925 3860; x_wconf 85' lang='grc' dir='ltr'>σε,</span> <span class='ocrx_word' id='word_1_308' title='bbox 946 3789 967 3852; x_wconf 79' lang='grc' dir='ltr'><em>ὦ</em></span> <span class='ocrx_word' id='word_1_309' title='bbox 987 3793 1181 3871; x_wconf 53' lang='grc' dir='ltr'><strong><em>Δημόσθενεςζ</em></strong></span> <span class='ocrx_word' id='word_1_310' title='bbox 1203 3799 1284 3855; x_wconf 79' lang='grc' dir='ltr'><strong><em>εἰῖσαι</em></strong></span> <span class='ocrx_word' id='word_1_311' title='bbox 1304 3799 1352 3854; x_wconf 80' lang='grc' dir='ltr'>τὸν</span> <span class='ocrx_word' id='word_1_312' title='bbox 1377 3802 1432 3854; x_wconf 86' lang='grc' dir='ltr'>τῶν</span> 
     </span>
     <span class='ocr_line' id='line_1_33' title="bbox 198 3885 1432 3962; baseline 0.002 -23"><span class='ocrx_word' id='word_1_313' title='bbox 198 3887 332 3956; x_wconf 84' lang='grc' dir='ltr'><strong><em>λογιστῶν</em></strong></span> <span class='ocrx_word' id='word_1_314' title='bbox 350 3885 451 3962; x_wconf 77' lang='grc' dir='ltr'><strong><em>κήρυκα</em></strong></span> <span class='ocrx_word' id='word_1_315' title='bbox 471 3889 583 3961; x_wconf 80' lang='grc' dir='ltr'><strong><em>κηρῦξαι</em></strong></span> <span class='ocrx_word' id='word_1_316' title='bbox 596 3885 625 3940; x_wconf 79' lang='grc' dir='ltr'><strong><em>τὸ</em></strong></span> <span class='ocrx_word' id='word_1_317' title='bbox 643 3885 759 3960; x_wconf 76' lang='grc' dir='ltr'><strong><em>πάτριον</em></strong></span> <span class='ocrx_word' id='word_1_318' title='bbox 777 3889 823 3939; x_wconf 84' lang='grc' dir='ltr'>καὶ</span> <span class='ocrx_word' id='word_1_319' title='bbox 844 3886 962 3959; x_wconf 78' lang='grc' dir='ltr'><strong><em>ἔννομον</em></strong></span> <span class='ocrx_word' id='word_1_320' title='bbox 981 3886 1109 3962; x_wconf 69' lang='grc' dir='ltr'><strong><em>κήρυγμα</em></strong></span> <span class='ocrx_word' id='word_1_321' title='bbox 1128 3889 1206 3943; x_wconf 78' lang='grc' dir='ltr'><strong><em>τοῦτο</em></strong></span> <span class='ocrx_word' id='word_1_322' title='bbox 1221 3907 1227 3918; x_wconf 94' lang='grc'>·</span> <span class='ocrx_word' id='word_1_323' title='bbox 1242 3891 1291 3949; x_wconf 72' lang='grc' dir='ltr'><strong><em>*τίς</em></strong></span> <span class='ocrx_word' id='word_1_324' title='bbox 1310 3887 1432 3959; x_wconf 79' lang='grc' dir='ltr'><strong><em>βούλεται</em></strong></span> 
     </span>
     <span class='ocr_line' id='line_1_34' title="bbox 199 3977 388 4048; baseline -0.005 -20"><span class='ocrx_word' id='word_1_325' title='bbox 199 3977 371 4048; x_wconf 78' lang='grc' dir='ltr'><strong><em>κατηγορεῖν’</em></strong></span> <span class='ocrx_word' id='word_1_326' title='bbox 382 3994 388 4034; x_wconf 90' lang='grc'>;</span> 
     </span>
    </p>

    <p class='ocr_par' dir='ltr' id='par_1_6' title="bbox 199 4063 1507 4220">
     <span class='ocr_line' id='line_1_35' title="bbox 289 4063 1507 4137; baseline 0.002 -20"><span class='ocrx_word' id='word_1_327' title='bbox 289 4065 316 4133; x_wconf 76' lang='grc'>2)</span> <span class='ocrx_word' id='word_1_328' title='bbox 337 4067 415 4115; x_wconf 89' lang='lat' dir='ltr'>Meier</span> <span class='ocrx_word' id='word_1_329' title='bbox 440 4071 490 4115; x_wconf 74' lang='grc' dir='ltr'><strong><em>Αιε.</em></strong></span> <span class='ocrx_word' id='word_1_330' title='bbox 515 4067 555 4116; x_wconf 80' lang='lat' dir='ltr'>Pr.</span> <span class='ocrx_word' id='word_1_331' title='bbox 583 4085 606 4131; x_wconf 86' lang='lat' dir='ltr'>p.</span> <span class='ocrx_word' id='word_1_332' title='bbox 635 4065 694 4118; x_wconf 69' lang='lat'>219.</span> <span class='ocrx_word' id='word_1_333' title='bbox 737 4068 834 4115; x_wconf 89' lang='lat' dir='ltr'>Platner</span> <span class='ocrx_word' id='word_1_334' title='bbox 863 4066 879 4118; x_wconf 89' lang='lat' dir='ltr'>l.</span> <span class='ocrx_word' id='word_1_335' title='bbox 913 4084 935 4117; x_wconf 94' lang='lat' dir='ltr'>c.</span> <span class='ocrx_word' id='word_1_336' title='bbox 959 4066 1010 4120; x_wconf 76' lang='lat'>³46</span> <span class='ocrx_word' id='word_1_337' title='bbox 1037 4083 1072 4132; x_wconf 90' lang='lat' dir='ltr'>sq.</span> <span class='ocrx_word' id='word_1_338' title='bbox 1106 4067 1265 4118; x_wconf 91' lang='lat' dir='ltr'>Schoemann</span> <span class='ocrx_word' id='word_1_339' title='bbox 1297 4075 1354 4120; x_wconf 83' lang='lat' dir='ltr'>Ant.</span> <span class='ocrx_word' id='word_1_340' title='bbox 1372 4071 1429 4137; x_wconf 86' lang='lat' dir='ltr'>¹iur.</span> <span class='ocrx_word' id='word_1_341' title='bbox 1506 4063 1507 4068; x_wconf 32' lang='lat'>¹</span> 
     </span>
     <span class='ocr_line' id='line_1_36' title="bbox 199 4153 952 4220; baseline 0.011 -18"><span class='ocrx_word' id='word_1_342' title='bbox 199 4155 267 4220; x_wconf 87' lang='lat' dir='ltr'>publ.</span> <span class='ocrx_word' id='word_1_343' title='bbox 287 4172 312 4218; x_wconf 80' lang='lat' dir='ltr'>p.</span> <span class='ocrx_word' id='word_1_344' title='bbox 332 4153 393 4210; x_wconf 74' lang='lat'>241.</span> <span class='ocrx_word' id='word_1_345' title='bbox 414 4154 443 4210; x_wconf 83' lang='lat' dir='ltr'>C.</span> <span class='ocrx_word' id='word_1_346' title='bbox 463 4156 490 4209; x_wconf 85' lang='lat' dir='ltr'>F.</span> <span class='ocrx_word' id='word_1_347' title='bbox 512 4157 638 4205; x_wconf 86' lang='lat' dir='ltr'>Hermann</span> <span class='ocrx_word' id='word_1_348' title='bbox 660 4157 790 4204; x_wconf 79' lang='lat' dir='ltr'>Stuatsalt.</span> <span class='ocrx_word' id='word_1_349' title='bbox 812 4157 826 4218; x_wconf 64' lang='grc' dir='ltr'>ξ</span> <span class='ocrx_word' id='word_1_350' title='bbox 847 4155 906 4218; x_wconf 78' lang='grc'>154,</span> <span class='ocrx_word' id='word_1_351' title='bbox 927 4155 952 4210; x_wconf 84' lang='grc'>6,</span> 
     </span>
    </p>

    <p class='ocr_par' dir='ltr' id='par_1_7' title="bbox 200 4240 1433 4474">
     <span class='ocr_line' id='line_1_37' title="bbox 289 4240 1432 4318; baseline 0.005 -26"><span class='ocrx_word' id='word_1_352' title='bbox 289 4241 314 4307; x_wconf 80' lang='lat'>3)</span> <span class='ocrx_word' id='word_1_353' title='bbox 335 4244 368 4292; x_wconf 86' lang='lat' dir='ltr'>lta</span> <span class='ocrx_word' id='word_1_354' title='bbox 390 4245 537 4308; x_wconf 82' lang='lat' dir='ltr'>explicanda</span> <span class='ocrx_word' id='word_1_355' title='bbox 550 4261 602 4293; x_wconf 85' lang='lat' dir='ltr'>esse</span> <span class='ocrx_word' id='word_1_356' title='bbox 621 4262 658 4295; x_wconf 82' lang='lat' dir='ltr'>vv.</span> <span class='ocrx_word' id='word_1_357' title='bbox 686 4240 809 4313; x_wconf 76' lang='grc' dir='ltr'><strong><em>φυλάξας</em></strong></span> <span class='ocrx_word' id='word_1_358' title='bbox 834 4241 882 4306; x_wconf 73' lang='grc' dir='ltr'>τὴν</span> <span class='ocrx_word' id='word_1_359' title='bbox 907 4245 1062 4298; x_wconf 88' lang='grc' dir='ltr'><strong><em>τελευταίαν</em></strong></span> <span class='ocrx_word' id='word_1_360' title='bbox 1088 4242 1193 4318; x_wconf 81' lang='grc' dir='ltr'><strong><em>ἡμέραν</em></strong></span> <span class='ocrx_word' id='word_1_361' title='bbox 1213 4246 1267 4299; x_wconf 83' lang='grc' dir='ltr'>τῶν</span> <span class='ocrx_word' id='word_1_362' title='bbox 1287 4245 1432 4309; x_wconf 74' lang='grc' dir='ltr'><strong><em>διαιτητῶν</em></strong></span> 
     </span>
     <span class='ocr_line' id='line_1_38' title="bbox 200 4333 1433 4400; baseline 0.002 -19"><span class='ocrx_word' id='word_1_363' title='bbox 200 4335 293 4381; x_wconf 89' lang='lat' dir='ltr'>certum</span> <span class='ocrx_word' id='word_1_364' title='bbox 312 4339 347 4382; x_wconf 89' lang='lat' dir='ltr'>est</span> <span class='ocrx_word' id='word_1_365' title='bbox 367 4333 481 4396; x_wconf 90' lang='lat' dir='ltr'>idemque</span> <span class='ocrx_word' id='word_1_366' title='bbox 501 4333 632 4382; x_wconf 87' lang='lat' dir='ltr'>confirmat</span> <span class='ocrx_word' id='word_1_367' title='bbox 656 4333 895 4397; x_wconf 89' lang='lat' dir='ltr'>Pseudo-Ulpianus</span> <span class='ocrx_word' id='word_1_368' title='bbox 914 4336 938 4382; x_wconf 91' lang='lat' dir='ltr'>in</span> <span class='ocrx_word' id='word_1_369' title='bbox 965 4334 1043 4384; x_wconf 90' lang='lat' dir='ltr'>schol.</span> <span class='ocrx_word' id='word_1_370' title='bbox 1080 4335 1133 4384; x_wconf 92' lang='lat' dir='ltr'>Nec</span> <span class='ocrx_word' id='word_1_371' title='bbox 1152 4336 1285 4400; x_wconf 88' lang='lat' dir='ltr'>quidquam</span> <span class='ocrx_word' id='word_1_372' title='bbox 1304 4337 1433 4400; x_wconf 85' lang='lat' dir='ltr'>proficitur</span> 
     </span>
     <span class='ocr_line' id='line_1_39' title="bbox 201 4420 561 4474; baseline 0.006 -4"><span class='ocrx_word' id='word_1_373' title='bbox 201 4423 353 4471; x_wconf 87' lang='lat' dir='ltr'>correctione</span> <span class='ocrx_word' id='word_1_374' title='bbox 372 4420 427 4474; x_wconf 75' lang='grc' dir='ltr'>τῶν</span> <span class='ocrx_word' id='word_1_375' title='bbox 441 4421 561 4474; x_wconf 80' lang='grc' dir='ltr'><strong><em>διαιτῶν.</em></strong></span> 
     </span>
    </p>

    <p class='ocr_par' dir='ltr' id='par_1_8' title="bbox 201 4511 1433 4932">
     <span class='ocr_line' id='line_1_40' title="bbox 290 4511 1431 4578; baseline 0.004 -21"><span class='ocrx_word' id='word_1_376' title='bbox 290 4511 446 4574; x_wconf 87' lang='lat' dir='ltr'>Quamquam</span> <span class='ocrx_word' id='word_1_377' title='bbox 473 4512 522 4560; x_wconf 87' lang='lat' dir='ltr'>alia</span> <span class='ocrx_word' id='word_1_378' title='bbox 547 4513 631 4560; x_wconf 91' lang='lat' dir='ltr'>omnia</span> <span class='ocrx_word' id='word_1_379' title='bbox 660 4527 688 4560; x_wconf 89' lang='lat' dir='ltr'>ex</span> <span class='ocrx_word' id='word_1_380' title='bbox 709 4512 748 4560; x_wconf 91' lang='lat' dir='ltr'>his</span> <span class='ocrx_word' id='word_1_381' title='bbox 767 4513 848 4560; x_wconf 83' lang='lat' dir='ltr'>verbis</span> <span class='ocrx_word' id='word_1_382' title='bbox 868 4512 956 4562; x_wconf 88' lang='lat' dir='ltr'>elicere</span> <span class='ocrx_word' id='word_1_383' title='bbox 974 4513 1066 4578; x_wconf 87' lang='lat' dir='ltr'>placuit</span> <span class='ocrx_word' id='word_1_384' title='bbox 1086 4513 1194 4578; x_wconf 82' lang='lat' dir='ltr'>Bergkio</span> <span class='ocrx_word' id='word_1_385' title='bbox 1214 4515 1239 4562; x_wconf 94' lang='lat' dir='ltr'>in</span> <span class='ocrx_word' id='word_1_386' title='bbox 1258 4515 1319 4562; x_wconf 86' lang='lat' dir='ltr'>actis</span> <span class='ocrx_word' id='word_1_387' title='bbox 1338 4514 1431 4562; x_wconf 87' lang='lat' dir='ltr'>diurnis</span> 
     </span>
     <span class='ocr_line' id='line_1_41' title="bbox 201 4596 1423 4672; baseline 0.003 -26"><span class='ocrx_word' id='word_1_388' title='bbox 201 4599 276 4663; x_wconf 87' lang='lat' dir='ltr'>antiq.</span> <span class='ocrx_word' id='word_1_389' title='bbox 290 4600 374 4653; x_wconf 88' lang='lat' dir='ltr'>scient.</span> <span class='ocrx_word' id='word_1_390' title='bbox 388 4616 411 4651; x_wconf 88' lang='lat' dir='ltr'>a.</span> <span class='ocrx_word' id='word_1_391' title='bbox 429 4596 494 4651; x_wconf 77' lang='lat'>1849</span> <span class='ocrx_word' id='word_1_392' title='bbox 514 4617 539 4664; x_wconf 93' lang='lat' dir='ltr'>p.</span> <span class='ocrx_word' id='word_1_393' title='bbox 554 4599 606 4652; x_wconf 75' lang='lat'>274</span> <span class='ocrx_word' id='word_1_394' title='bbox 626 4617 677 4664; x_wconf 83' lang='lat' dir='ltr'>sq:</span> <span class='ocrx_word' id='word_1_395' title='bbox 699 4602 740 4664; x_wconf 91' lang='lat' dir='ltr'>qui</span> <span class='ocrx_word' id='word_1_396' title='bbox 759 4598 864 4672; x_wconf 76' lang='grc' dir='ltr'><strong><em>ἡμέραν</em></strong></span> <span class='ocrx_word' id='word_1_397' title='bbox 884 4617 933 4649; x_wconf 91' lang='lat' dir='ltr'>non</span> <span class='ocrx_word' id='word_1_398' title='bbox 942 4602 1114 4666; x_wconf 87' lang='lat' dir='ltr'>interpretatur</span> <span class='ocrx_word' id='word_1_399' title='bbox 1133 4602 1207 4662; x_wconf 85' lang='lat' dir='ltr'>diem,</span> <span class='ocrx_word' id='word_1_400' title='bbox 1220 4604 1264 4651; x_wconf 89' lang='lat' dir='ltr'>sed</span> <span class='ocrx_word' id='word_1_401' title='bbox 1277 4608 1423 4652; x_wconf 90' lang='lat' dir='ltr'>conventum</span> 
     </span>
     <span class='ocr_line' id='line_1_42' title="bbox 201 4687 1431 4754; baseline 0.003 -18"><span class='ocrx_word' id='word_1_402' title='bbox 201 4687 254 4736; x_wconf 89' lang='lat' dir='ltr'>sive</span> <span class='ocrx_word' id='word_1_403' title='bbox 273 4703 428 4745; x_wconf 87' lang='lat' dir='ltr'>consessnm;</span> <span class='ocrx_word' id='word_1_404' title='bbox 455 4705 504 4752; x_wconf 92' lang='lat' dir='ltr'>qua</span> <span class='ocrx_word' id='word_1_405' title='bbox 523 4690 623 4738; x_wconf 91' lang='lat' dir='ltr'>notione</span> <span class='ocrx_word' id='word_1_406' title='bbox 648 4691 785 4754; x_wconf 89' lang='lat' dir='ltr'>antiquiore</span> <span class='ocrx_word' id='word_1_407' title='bbox 812 4691 855 4738; x_wconf 87' lang='lat' dir='ltr'>etsi</span> <span class='ocrx_word' id='word_1_408' title='bbox 875 4706 994 4753; x_wconf 89' lang='lat' dir='ltr'>nusquam</span> <span class='ocrx_word' id='word_1_409' title='bbox 1014 4706 1073 4740; x_wconf 88' lang='lat' dir='ltr'>sane</span> <span class='ocrx_word' id='word_1_410' title='bbox 1098 4691 1159 4739; x_wconf 89' lang='lat' dir='ltr'>alias</span> <span class='ocrx_word' id='word_1_411' title='bbox 1184 4691 1259 4740; x_wconf 88' lang='lat' dir='ltr'>obvia</span> <span class='ocrx_word' id='word_1_412' title='bbox 1278 4692 1374 4740; x_wconf 84' lang='lat' dir='ltr'>Atticos</span> <span class='ocrx_word' id='word_1_413' title='bbox 1399 4692 1431 4740; x_wconf 91' lang='lat' dir='ltr'>de</span> 
     </span>
     <span class='ocr_line' id='line_1_43' title="bbox 203 4776 1433 4844; baseline 0.004 -20"><span class='ocrx_word' id='word_1_414' title='bbox 203 4776 315 4825; x_wconf 85' lang='lat' dir='ltr'>diaetetis</span> <span class='ocrx_word' id='word_1_415' title='bbox 334 4777 441 4825; x_wconf 82' lang='lat' dir='ltr'>maxime</span> <span class='ocrx_word' id='word_1_416' title='bbox 460 4779 494 4826; x_wconf 88' lang='lat' dir='ltr'>uti</span> <span class='ocrx_word' id='word_1_417' title='bbox 512 4794 561 4826; x_wconf 92' lang='lat' dir='ltr'>non</span> <span class='ocrx_word' id='word_1_418' title='bbox 581 4779 670 4826; x_wconf 86' lang='lat' dir='ltr'>mirum</span> <span class='ocrx_word' id='word_1_419' title='bbox 690 4794 748 4839; x_wconf 89' lang='lat' dir='ltr'>esse,</span> <span class='ocrx_word' id='word_1_420' title='bbox 774 4779 890 4842; x_wconf 87' lang='lat' dir='ltr'>quoniam</span> <span class='ocrx_word' id='word_1_421' title='bbox 916 4779 970 4842; x_wconf 87' lang='lat' dir='ltr'>ipsa</span> <span class='ocrx_word' id='word_1_422' title='bbox 993 4795 1041 4827; x_wconf 87' lang='lat' dir='ltr'>vox</span> <span class='ocrx_word' id='word_1_423' title='bbox 1060 4777 1152 4831; x_wconf 75' lang='grc' dir='ltr'><strong><em>δίαιτα</em></strong></span> <span class='ocrx_word' id='word_1_424' title='bbox 1175 4787 1198 4828; x_wconf 88' lang='lat' dir='ltr'>et</span> <span class='ocrx_word' id='word_1_425' title='bbox 1223 4780 1297 4844; x_wconf 87' lang='lat' dir='ltr'>stirpe</span> <span class='ocrx_word' id='word_1_426' title='bbox 1316 4786 1340 4829; x_wconf 87' lang='lat' dir='ltr'>et</span> <span class='ocrx_word' id='word_1_427' title='bbox 1357 4781 1433 4844; x_wconf 86' lang='lat' dir='ltr'>signi·</span> 
     </span>
     <span class='ocr_line' id='line_1_44' title="bbox 202 4865 1429 4932; baseline 0.004 -20"><span class='ocrx_word' id='word_1_428' title='bbox 202 4865 274 4914; x_wconf 85' lang='lat' dir='ltr'>ticatu</span> <span class='ocrx_word' id='word_1_429' title='bbox 288 4865 349 4913; x_wconf 92' lang='lat' dir='ltr'>nihil</span> <span class='ocrx_word' id='word_1_430' title='bbox 368 4866 434 4914; x_wconf 87' lang='lat' dir='ltr'>aliud</span> <span class='ocrx_word' id='word_1_431' title='bbox 448 4868 478 4914; x_wconf 89' lang='lat' dir='ltr'>sit</span> <span class='ocrx_word' id='word_1_432' title='bbox 496 4868 542 4914; x_wconf 91' lang='lat' dir='ltr'>nisi</span> <span class='ocrx_word' id='word_1_433' title='bbox 556 4865 625 4915; x_wconf 85' lang='lat' dir='ltr'>‘dies&#39;</span> <span class='ocrx_word' id='word_1_434' title='bbox 639 4873 677 4924; x_wconf 88' lang='lat' dir='ltr'>(ex</span> <span class='ocrx_word' id='word_1_435' title='bbox 697 4868 799 4928; x_wconf 61' lang='lat' dir='ltr'>Alsa,</span> <span class='ocrx_word' id='word_1_436' title='bbox 813 4865 923 4932; x_wconf 78' lang='grc' dir='ltr'><strong><em>διατια).</em></strong></span> <span class='ocrx_word' id='word_1_437' title='bbox 944 4867 1080 4931; x_wconf 84' lang='lat' dir='ltr'>Singularis</span> <span class='ocrx_word' id='word_1_438' title='bbox 1092 4869 1138 4916; x_wconf 88' lang='lat' dir='ltr'>ista</span> <span class='ocrx_word' id='word_1_439' title='bbox 1151 4869 1250 4932; x_wconf 88' lang='lat' dir='ltr'>quidem</span> <span class='ocrx_word' id='word_1_440' title='bbox 1264 4869 1429 4930; x_wconf 86' lang='lat' dir='ltr'>ratiocinatio,</span> 
     </span>
    </p>
   </div>
   <div class='ocr_carea' id='block_1_4' title="bbox 0 0 1865 5876">
    <p class='ocr_par' dir='ltr' id='par_1_9' title="bbox 0 0 1865 5876">
     <span class='ocr_line' id='line_1_45' title="bbox 0 0 1865 5876; baseline 0 0"><span class='ocrx_word' id='word_1_441' title='bbox 0 0 1865 5876; x_wconf 95' lang='lat' dir='ltr'> </span> 
     </span>
    </p>
   </div>
  </div>
 </body>
</html>
