3706 5876
950 545 1169 604 -22-

448 721 537 802 quod
565 719 624 781 alia
650 720 773 781 ratione
801 719 909 781 evitari
940 719 1026 781 haud
1059 717 1148 781 facile
1179 728 1315 801 poterat,
1347 720 1465 782 evitare
1503 729 1611 782 autem
1637 727 1671 781 ut

447 827 587 907 iniquum
610 834 643 888 et
665 826 798 887 invidiae
821 825 997 886 obnoxium
1027 825 1168 906 religioni
1198 825 1362 887 habebant
1385 824 1599 888 Athenienses
1621 861 1672 900 —‚

448 953 488 995 ne
511 933 614 995 eidem
639 931 833 1012 magistratui
857 932 887 991 in
911 932 1023 993 eadem
1056 951 1150 993 causa
1173 941 1205 993 et
1229 932 1398 994 iurisdictio
1423 932 1672 994 committeretur

448 1047 480 1101 et
502 1039 668 1102 accusatio.

535 1146 662 1208 Praeter
696 1143 776 1206 haec
808 1155 914 1206 autem
943 1164 1024 1225 quae
1057 1164 1099 1205 ex
1132 1142 1224 1205 officii
1255 1145 1376 1205 ratione
1407 1164 1465 1204 usu
1495 1144 1672 1218 veniebant,

446 1273 489 1315 ex
516 1251 635 1314 civibus
658 1271 786 1332 quoque
809 1252 862 1332 qui
887 1249 982 1312 vellet
1005 1249 1120 1312 licebat
1150 1252 1191 1312 de
1223 1252 1410 1331 magistratu
1441 1271 1571 1312 munere
1601 1270 1670 1332 per-

446 1359 552 1422 functo
592 1358 737 1420 iudicium
776 1358 860 1438 apud
897 1342 1028 1438 logistas
1062 1355 1232 1438 postulare.
1283 1356 1394 1437 Itaque
1427 1357 1457 1417 in
1488 1357 1672 1418 Patroclidis

446 1466 576 1528 decreto
591 1466 679 1545 quod
700 1465 799 1526 modo
815 1464 907 1525 citavi
922 1475 1047 1544 praeter
1070 1465 1207 1526 rationes
1223 1464 1264 1525 ab
1281 1463 1428 1541 euthynis
1443 1465 1670 1544 praeiudicatas

445 1573 540 1634 etiam
568 1571 834 1634 accusationes
862 1571 1028 1650 scriptae
1052 1571 1220 1651 (γραφαί
1244 1570 1337 1652 περὶ
1362 1563 1566 1646 εὐθυνῶν),
1590 1590 1671 1650 quae

446 1679 574 1759 quidem
598 1679 740 1740 nondum
764 1678 806 1738 ad
828 1677 946 1738 iudices
970 1675 1094 1738 delatae
1116 1676 1189 1752 sint,
1215 1675 1312 1738 deleri
1334 1677 1488 1738 iubentur.
1514 1711 1555 1721 -
1580 1676 1668 1737 Eius-

445 1786 534 1847 modi
562 1785 645 1847 actio
672 1783 729 1845 suit
751 1781 978 1845 Demosthenis
1007 1792 1118 1845 contra
1146 1782 1342 1845 Aeschinem
1374 1783 1667 1865 παραπρεσβείας,

446 1891 531 1952 cuius
548 1899 660 1953 extant
674 1889 849 1952 luculentae
866 1890 1026 1970 utriusque
1037 1890 1196 1951 orationes
1213 1891 1243 1950 in
1258 1890 1372 1952 iudicio
1389 1891 1430 1951 de
1446 1890 1575 1951 rationis
1591 1889 1667 1950 rela-

444 1998 531 2060 tione
539 1995 674 2071 habitae,
686 1997 762 2058 item
772 1996 887 2076 Lysiae
903 2003 1014 2057 contra
1022 1994 1268 2058 Eratosthenem
1286 1997 1523 2077 trigintavirum
1539 1997 1667 2078 pariter-

445 2123 507 2184 que
545 2123 639 2166 causa
669 2101 838 2182 Polystrati
876 2102 928 2183 qui
965 2111 1094 2164 senator
1124 2104 1204 2164 inter
1243 2103 1492 2184 quadringentos
1530 2103 1669 2186 pluribus

444 2210 625 2272 muneribus
648 2208 771 2271 functus
795 2216 862 2270 erat
875 2210 910 2283 ¹):
944 2229 1018 2270 nam
1042 2208 1157 2288 Lysiae
1181 2211 1358 2272 orationem
1381 2211 1412 2270 in
1429 2209 1669 2284 Nicomachum,

444 2318 493 2379 cui
516 2310 670 2377 εὐθυνῶν
693 2316 872 2398 κατηγορία
896 2315 1094 2396 grammatici
1116 2316 1351 2397 inscripserunt,
1381 2309 1522 2395 ἄλογίου
1544 2316 1668 2378 titulum

444 2423 634 2485 recentiores
662 2422 791 2502 quidam
814 2422 986 2496 vindicant,
1015 2422 1089 2503 quin
1113 2423 1143 2483 in
1168 2421 1335 2502 eisangelia
1357 2421 1467 2485 habita
1489 2424 1544 2498 sit,
1567 2421 1669 2484 nullus

444 2507 566 2593 dubito.
630 2529 673 2590 Et
710 2528 789 2590 tales
816 2529 945 2609 quidem
979 2548 1089 2590 causas
1120 2526 1254 2610 logistae
1284 2549 1413 2610 prorsus
1444 2550 1486 2590 ex
1515 2551 1573 2591 usu
1610 2529 1668 2591 sori

443 2636 543 2698 Attici
574 2636 773 2698 tractabant:
815 2635 945 2696 anacrisi
984 2634 1016 2696 in
1045 2636 1111 2696 iure
1141 2636 1282 2697 instituta
1313 2644 1345 2697 et
1373 2637 1489 2716 paratis
1521 2635 1667 2698 omnibus

443 2763 555 2804 causae
575 2742 786 2804 instrumentis
802 2741 959 2834 actionem
982 2740 1135 2803 iudicibus
1150 2741 1328 2804 tradebant.
1373 2741 1430 2804 Ad
1453 2741 1537 2804 illam
1561 2752 1666 2805 autem

441 2850 472 2911 in
495 2851 560 2912 iure
582 2850 740 2910 actionem
772 2847 856 2908 haud
884 2848 949 2909 scio
973 2867 1013 2909 an
1041 2849 1221 2909 revocanda
1250 2850 1311 2910 sint
1342 2848 1441 2911 verba
1470 2851 1585 2911 actoris
1608 2869 1665 2931 pro

442 2954 650 3035 Polystratus
663 2958 700 3016 10
716 2981 722 3016 ι
740 2954 797 3013 καὶ
814 2953 845 3014 ui
861 2955 923 3034 μὲν
939 2950 996 3014 τὸν
1010 2955 1087 3032 βίον
1101 2946 1238 3014 ἅπαντα
1259 2955 1404 3037 πονηροί
1421 2949 1515 3024 όντες
1529 2956 1665 3039 χρηστοί

442 3060 486 3122 ἐν
516 3062 568 3142 τῷ
601 3057 862 3143 λογιστηρίῳ
891 3063 1095 3141 γεγένηνται,
1128 3063 1308 3130 πείσαντες
1341 3057 1416 3130 τοὺς
1455 3059 1663 3146 κατηγόρους,

442 3168 477 3228 οἳ
499 3167 519 3228 δ
539 3162 595 3226 ἀεὶ
611 3159 688 3247 ὑμῖν
701 3168 839 3250 χρηστοί
863 3155 960 3248 ἦσαν,
986 3154 1077 3227 οὗτοι
1100 3171 1243 3250 πονηροί
1250 3189 1262 3242 ,·
1290 3168 1343 3230 ubi
1366 3165 1441 3239 τοὺς
1465 3165 1663 3253 κατηγόρους

439 3276 494 3336 vix
518 3283 592 3355 apte
615 3275 734 3336 diceret
762 3275 921 3355 euthynos
949 3310 983 3318 -
1012 3294 1071 3335 nec
1102 3275 1204 3355 aptius
1235 3295 1414 3356 synegoros
1445 3297 1528 3358 quae
1556 3277 1664 3339 Meieri

439 3382 546 3462 opinio
570 3390 618 3442 est
629 3384 670 3464 ly:
697 3381 796 3442 immo
821 3381 977 3442 delatores
1002 3380 1182 3462 perstringit
1213 3401 1255 3442 ex
1287 3385 1465 3446 accusando
1497 3393 1662 3464 quaestum

439 3486 603 3560 iacienteS‚
642 3489 683 3548 ad
714 3507 795 3567 quos
825 3489 856 3548 in
892 3489 1006 3548 eadem
1046 3488 1188 3549 oratione
1218 3489 1391 3550 identidem
1432 3491 1563 3571 respicit.
1594 3491 1613 3571 S
1645 3492 1662 3550 7

438 3593 496 3652 καὶ
533 3588 609 3662 τοὺς
639 3595 700 3671 μὲν
731 3589 932 3663 ἀδικοῦντας
965 3592 996 3654 οί
1033 3590 1206 3677 κατηγοροι
1238 3591 1476 3657 ἐκκλέπτουσιν
1507 3592 1664 3680 ἀργύριον

439 3695 683 3779 λαμβάνοντες.
722 3701 741 3781 S
761 3705 798 3762 15
825 3697 857 3760 οί
875 3696 1099 3780 δ’ίγδικηκόιες
1126 3695 1351 3783 ἐκπριάμενοι
1371 3699 1446 3772 τοὺς
1462 3699 1662 3788 κατηγόρους

439 3800 509 3868 aar
536 3805 657 3878 ἐ’δοξαν
681 3801 812 3867 ἀδικεῖν
836 3809 916 3882 (sim.
934 3828 978 3870 or.
1003 3808 1054 3883 25,
1080 3810 1120 3870 26
1138 3807 1198 3887 al).
1244 3807 1319 3871 Hoc
1342 3810 1434 3890 igitur
1458 3811 1533 3872 dicit
1557 3819 1663 3872 orator

438 3914 641 3994 magistratus
664 3915 807 3994 quamvis
832 3915 997 3996 improbos
1028 3916 1127 3976 videri
1157 3915 1311 3995 probatos
1343 3936 1412 3978 esse
1442 3917 1472 3977 in
1503 3916 1662 3997 logisterio

437 4030 614 4101 propterea,
638 4022 726 4101 quod
751 4030 950 4083 accusatores
973 4022 1106 4102 pecunia
1128 4023 1266 4102 corrupti
1298 4043 1433 4086 causam
1456 4023 1539 4104 prius
1567 4045 1662 4105 quam

528 4233 553 4295 1)
578 4234 645 4282 Nam
671 4234 838 4283 defensionem
863 4234 993 4296 Polystrati
1019 4235 1068 4300 (or.
1093 4232 1128 4285 ‘20
1153 4235 1215 4282 inter
1239 4234 1367 4298 Lysiacas)
1399 4249 1464 4283 anno
1496 4236 1593 4286 circiter
1611 4235 1663 4290 410

435 4324 552 4387 scriptam
576 4338 654 4386 neque
672 4324 697 4370 in
715 4323 890 4386 perduellionis
914 4323 1011 4371 actione
1030 4318 1128 4391 (δήμου
1152 4319 1320 4381 καταλύσεως
1343 4317 1476 4391 ἀπολογία
1495 4325 1662 4389 Harpocratio

435 4427 459 4466 v.
474 4406 681 4482 Πολύστρατος).
691 4412 758 4476 quod
777 4412 899 4476 plerisque
917 4411 1018 4477 placuit,
1037 4427 1115 4476 neque
1133 4427 1191 4460 vero
1211 4413 1236 4460 in
1255 4413 1297 4462 lite
1315 4411 1560 4484 ψευδομαρτυριῶν
1578 4421 1663 4462 contra

434 4515 570 4564 synegoros
589 4501 680 4550 intenta
698 4517 773 4565 quam
791 4516 868 4564 nuper
887 4500 955 4548 finxit
974 4501 1057 4549 Roehl
1074 4501 1259 4550 Iahresbericht
1276 4501 1301 4552 d.
1309 4502 1396 4564 philol.
1417 4502 1516 4550 Vereins
1529 4519 1561 4550 zu
1574 4503 1664 4551 Berlin

436 4585 513 4641 1873.
538 4586 562 4640 3.
587 4590 678 4654 Lysias
695 4605 721 4653 p.
741 4589 756 4640 2
775 4605 821 4653 sq.,
846 4605 931 4638 verum
955 4590 980 4638 in
1011 4590 1104 4638 iudicio
1127 4586 1255 4642 εὐθυνῶν
1279 4591 1391 4639 habitam
1417 4607 1468 4639 esse
1492 4597 1589 4654 praeter
1614 4591 1661 4639 aha

434 4677 524 4726 evincit
543 4677 558 4741 ξ
578 4675 593 4728 6
613 4684 671 4730 extr.
692 4676 733 4729 10.
753 4678 784 4727 cf.
804 4677 836 4730 17
856 4672 920 4730 ἀλλὰ
939 4674 1032 4730 πάντα
1057 4677 1164 4748 μᾶλλον
1188 4677 1385 4751 κατηγοροῦσιν
1405 4674 1420 4742 ἢ
1440 4677 1477 4736 εἷς
1496 4675 1545 4742 την
1564 4675 1662 4750 ἀρχόν.

525 4765 552 4827 2)
571 4769 622 4818 Art.
637 4769 709 4817 Ρκοι.
728 4783 753 4830 p.
773 4765 868 4818 21811.
889 4764 931 4818 20.
968 4767 1052 4816 Roehl
1069 4768 1085 4818 1.
1105 4784 1127 4818 c.
