3706 5876
938 585 1244 644 „50..,

438 770 471 824 et
493 762 709 843 antiquissimo
731 760 819 824 fonte
842 760 968 842 petiisse
990 755 1214 843 biographum’
1242 761 1360 824 censuit
1370 751 1525 823 ‘verbosis
1548 783 1657 824 recen-

437 869 552 930 tiorum
594 869 765 932 multorum
812 869 852 930 de
889 866 1071 948 Aeschylea
1112 870 1201 950 poesi
1245 869 1432 949 scriptorum
1471 870 1657 950 disputatio-

438 975 528 1037 nibus
557 975 775 1052 anteferenda,
805 976 859 1057 qui
880 976 1004 1056 tragicis
1028 974 1154 1038 Graecis
1177 996 1242 1038 non
1264 995 1366 1057 pauca
1395 974 1584 1038 affinxerunt
1615 978 1658 1039 de

437 1083 549 1164 quibus
565 1083 605 1145 illi
621 1103 780 1164 nunquam
789 1077 1020 1164 cogitaverant'
1050 1083 1163 1163 Neque
1178 1091 1284 1145 tamen
1300 1082 1368 1163 quis
1384 1092 1494 1146 auctor
1509 1083 1660 1146 illeluerit

437 1190 615 1271 diligentius
632 1191 794 1272 inquisivit,
816 1191 873 1252 nisi
896 1191 1099 1271 quodantea
1120 1189 1428 1253 Chamaeleontis
1448 1190 1659 1254 Heracleotae

437 1297 633 1378 Peripatetici
648 1298 849 1380 scriptionem
866 1298 945 1380 περὶ
962 1292 1128 1375 Αἰσχύλον
1152 1317 1421 1360 commemorasse
1443 1299 1518 1361 satis
1540 1297 1658 1360 habuit.

438 1404 581 1485 itemque
596 1404 748 1468 Emestus
763 1404 900 1486 Koepke
924 1405 976 1466 ubi
996 1404 1081 1466 haud
1104 1404 1249 1468 inutiliter
1266 1406 1306 1466 de
1324 1403 1578 1468 Chamaeleontis
1593 1407 1659 1468 vita

437 1510 650 1592 librorumque
673 1510 818 1594 relliquiis
842 1512 1001 1587 disseruit,
1024 1514 1054 1573 in
1078 1513 1256 1574 universum
1281 1513 1355 1574 dixit
1376 1508 1462 1574 ‘nihil
1489 1513 1660 1588 obstare,

436 1619 510 1700 quin
531 1617 695 1681 nonnullas
713 1617 966 1682 Chamaeleontis
983 1619 1203 1681 adnotationes
1226 1620 1256 1680 in
1279 1619 1360 1682 hanc
1381 1620 1477 1682 vitam
1501 1620 1659 1682 transiisse

438 1720 620 1788 credamus?
662 1724 709 1788 At
732 1724 794 1788 hoc
814 1745 890 1788 sane
905 1745 1016 1807 parum
1040 1736 1095 1790 est.
1136 1724 1222 1807 Quid
1246 1727 1328 1788 enim
1352 1725 1467 1801 obstat,
1491 1727 1660 1808 quominus

438 1853 479 1894 ex
513 1832 687 1894 Heraclidis
717 1833 853 1909 Pontici,
892 1833 1079 1895 Aristoxeni
1106 1832 1266 1898 Tarentini
1296 1832 1468 1896 aliorumve
1496 1854 1578 1914 quos
1608 1832 1660 1896 vel

437 1939 583 2000 novimus
607 1939 655 2000 vel
679 1940 859 2020 ignoramus
891 1939 974 2002 libris
1004 1939 1075 2002 illuc
1105 1941 1261 2005 transiisse
1288 1942 1446 2022 quaedam
1469 1939 1659 2003 credamus?

437 2045 521 2107 Nam
552 2047 647 2108 etiam
679 2048 767 2127 quod
797 2055 901 2109 totum
933 2047 1058 2109 dicendi
1080 2065 1179 2126 genus
1206 2047 1441 2129 peripateticam
1465 2046 1659 2129 disciplinam

438 2152 568 2228 redolet,
592 2174 655 2215 non
671 2152 783 2215 sufficit
805 2154 846 2215 ad
869 2155 1131 2236 persuadendum,
1156 2174 1228 2216 cum
1252 2155 1325 2216 artis
1349 2154 1524 2216 aestimatio
1548 2153 1589 2216 ab
1609 2153 1660 2215 illa

437 2260 539 2322 omnis
555 2260 684 2321 omnino
704 2262 787 2340 apud
811 2269 933 2323 veteres
954 2260 1140 2342 dependeat.
1180 2258 1245 2324 Sed
1261 2261 1415 2324 habemus
1438 2262 1524 2322 unde
1547 2261 1659 2323 certius

437 2366 553 2447 aliquid
576 2365 722 2448 colligere
738 2368 894 2448 possimus
911 2366 1164 2430 Chamaeleontis
1180 2367 1400 2449 fragmentum,
1422 2369 1510 2449 quod
1530 2367 1658 2448 quidem

437 2475 539 2554 ipsum
563 2474 593 2534 in
617 2474 681 2536 eius
704 2473 848 2555 relliquiis
864 2474 1083 2555 conquirendis
1103 2474 1310 2556 praetermisit
1325 2474 1498 2556 Koepkius.
1537 2475 1658 2536 Notum

437 2589 486 2641 est
509 2581 591 2642 enim
619 2590 698 2660 quot
728 2590 908 2662 quantaque
931 2590 1113 2643 commenta
1145 2601 1187 2642 ex
1218 2583 1331 2643 veteris
1364 2581 1549 2662 mediaeque
1580 2601 1658 2661 quas

438 2687 569 2748 dicimus
607 2688 793 2750 comoediae
823 2689 955 2750 inventis
989 2689 1020 2749 in
1050 2687 1222 2750 litterarum
1263 2689 1460 2768 antiquarum
1495 2689 1657 2750 historiam

437 2793 652 2870 redundarint,
682 2815 747 2875 quo
777 2815 818 2856 ex
842 2815 958 2876 genere
981 2794 1066 2856 haud
1080 2815 1189 2886 pauca
1213 2804 1245 2856 et
1268 2794 1317 2857 alii
1341 2803 1529 2877 aperuerunt
1553 2803 1585 2856 et
1607 2794 1657 2856 Tu

436 2902 510 2983 ipse,
534 2910 624 2983 pater
646 2903 775 2984 optime,
798 2901 966 2964 detexisti:
992 2901 1078 2963 velut
1101 2922 1183 2982 quae
1207 2903 1247 2963 de
1264 2900 1432 2984 Sophoclis
1453 2911 1484 2963 et
1507 2901 1561 2964 lite
1584 2922 1656 2963 cum

436 3008 594 3088 Iophonte
617 3017 744 3090 peracta
768 3017 800 3070 et
824 3018 927 3072 morte
950 3008 1093 3070 fabulosa
1117 3009 1288 3084 coniecisti,
1319 3029 1414 3070 nemo
1439 3007 1527 3070 facile
1549 3011 1655 3070 redar-

437 3124 521 3196 guat.
567 3115 661 3177 Hunc
684 3125 790 3177 autem
814 3117 982 3197 ambiguae
1005 3114 1203 3196 lubricaeque
1226 3115 1299 3177 fidei
1323 3114 1443 3178 fontem
1466 3117 1520 3177 vix
1544 3136 1654 3196 quem-

435 3241 530 3302 quam
554 3232 632 3303 puto
656 3232 719 3284 tam
746 3232 854 3303 aperte
877 3222 1054 3304 professum
1078 3241 1266 3304 essequam
1292 3221 1581 3298 Chamaeleontem,
1604 3223 1657 3303 qui

435 3329 506 3390 loco
531 3328 571 3390 ab
596 3328 763 3391 Athenaeo
788 3339 913 3390 servato
936 3328 1016 3390 haec
1043 3329 1158 3390 habet:
1193 3327 1397 3411 Χαμαιλέων
1419 3330 1497 3408 γοῦν
1520 3330 1657 3413 πρῶτον

437 3431 540 3497 αὐτόν
572 3452 652 3516 φησι
685 3431 876 3520 (Αἰσχύλον)
906 3438 1109 3516 σχηματίσαι
1140 3431 1217 3505 τούς
1237 3432 1367 3520 ’χοροὺς
1398 3431 1655 3520 ὀρχηστοδιδασ-
1722 3439 1726 3446 “

435 3538 551 3612 κάλοις
576 3538 613 3602 οὐ
636 3538 862 3628 χρησάμενον,
888 3539 976 3602 άλλά
1002 3545 1057 3603 καί
1082 3538 1181 3604 αὐτὸν
1204 3550 1275 3614 τοῖς
1297 3550 1411 3626 χοροῖς
1434 3539 1475 3604 τά
1500 3539 1654 3625 σχήματα

436 3651 601 3710 ποιοῦντα
631 3651 698 3710 τῶν
728 3645 915 3735 ὀρχήσεων,
948 3652 1003 3710 καί
1037 3645 1121 3721 ὅλως
1151 3653 1271 3711 πᾶσαν
1301 3646 1360 3731 τίγν
1391 3653 1447 3732 τῆς
1470 3650 1656 3733 τραγῳδίας

436 3753 632 3836 οἰκονομίαν
671 3754 718 3827 εἰς
757 3753 879 3823 ἑαυτὸν
914 3759 1103 3842 περιιστάν.
1141 3753 1337 3841 ὑπεκρίνετο
1368 3760 1447 3838 γοῦν
1477 3753 1562 3837 μετά
1595 3760 1655 3818 τοῦ

435 3858 565 3934 εἰκότος
595 3859 639 3924 τά
674 3859 841 3949 δράματα.
885 3860 1125 3949 Ἀριστοφάνης
1154 3868 1233 3946 γοῦν
1266 3903 1304 3911 -—
1337 3861 1457 3950 παρά
1489 3863 1531 3924 δὲ
1562 3872 1656 3935 τοῖς

435 3976 642 4051 κωμικοῖς
666 3966 686 4052 ἦ
712 3974 918 4056 περὶτῶν
940 3975 1157 4055 τραγικῶν
1181 3968 1422 4062 άπόκειται
1445 3973 1655 4042 πίστις-

404 4089 406 4096 ‘
435 4084 529 4139 ποιεῖ
560 4073 663 4139 αὐτὸν
688 4074 853 4156 Αἰσχύλον
885 4075 1031 4157 λέγοντα·
1052 4075 1156 4142 (τοῖσι
1185 4055 1425 4162 χοροίςάὐτός
1447 4074 1490 4139 τά
1515 4073 1654 4159 σχήματ’

435 4181 589 4246 ἐποίουν>
608 4187 664 4245 καί
682 4181 798 4246 πάλιν·
821 4181 911 4256 (τοὺς
937 4183 1064 4271 Φρύγας
1090 4179 1167 4248 οἰδα
1182 4188 1335 4270 θεωρῶν,
1361 4180 1419 4246 ὅτε
1441 4187 1487 4267 τῷ
1512 4182 1654 4270 Πριάμῳ

435 4288 678 4371 συλλυσόμενοι
714 4289 773 4353 τὸν
805 4294 901 4356 παῖδ’
933 4282 1039 4375 ἦλθον
1066 4295 1256 4368 τεθνεῶτα,
1296 4290 1409 4354 πολλὰ
1437 4295 1568 4354 τοιαντί
1599 4295 1655 4353 καί

433 4399 564 4460 τοιαυτὶ
595 4401 650 4462 καί
675 4399 771 4482 δεῦρο
805 4396 1093 4482 σχηματίσανταςῖ
1142 4402 1208 4464 Iam
1239 4421 1315 4464 vero
1346 4403 1575 4464 attendendum
1607 4410 1656 4462 est

434 4507 464 4567 in
487 4505 539 4569 illo
562 4508 645 4570 vitae
668 4508 860 4588 Aeschyliae
884 4509 955 4570 loco
979 4529 1043 4571 non
1071 4511 1170 4571 modo
1192 4509 1242 4571 bis
1266 4508 1514 4590 Aristophanem
1539 4515 1655 4568 testem

434 4615 563 4676 excitari
573 4650 613 4660 —
628 4625 660 4677 et
675 4616 727 4677 ubi
744 4636 916 4678 exornasse
929 4625 1026 4698 poeta
1041 4617 1152 4678 dicitur
1166 4623 1265 4678 artem
1283 4617 1433 4694 tragicam
1451 4623 1483 4676 et
1498 4616 1529 4676 in
1544 4613 1653 4675 obser-

433 4722 560 4784 vatione
584 4722 624 4783 de
647 4722 771 4784 Niobae
787 4722 981 4804 Achillisque
1005 4722 1127 4785 silentio
1152 4743 1193 4784 ex
1217 4722 1314 4784 Ranis
1337 4730 1406 4783 tota
1430 4722 1587 4802 descripta
1602 4757 1654 4796 -,

433 4847 544 4889 verum
575 4829 669 4890 etiam
703 4838 807 4890 cetera
843 4833 949 4892 omnia
979 4832 1020 4891 ad
1053 4829 1274 4911 Aristophanis
1309 4838 1449 4890 mentem
1478 4829 1655 4909 composita
