3706 5876
708 585 930 644 ..31-

200 750 357 818 εὕθνναν
386 755 447 818 ἐὰν
461 756 506 839 μὴ
524 765 596 828 τοῖς
621 754 789 843 [abieoto
813 754 916 844 δ[ὁ]ξη
940 760 1007 819 τῶν
1028 757 1107 819 δέκα
1130 762 1194 819 τῶν
1211 755 1386 843 αῐρ[ε]γθέ[
1405 755 1433 844 ]·

200 885 269 924 των
300 862 601 950 διαψηφιζομένοις
634 860 816 950 [ν]ρύβδην·
848 861 906 944 τὴν
930 863 965 926 δὲ
997 866 1113 950 ψῆφον
1137 861 1257 926 διδότω
1284 858 1313 950 [ὁ
1335 861 1432 950 'elops
1541 874 1544 880 '

202 966 369 1052 δήμαρχος
395 967 477 1055 [κ]αὶ
501 967 684 1055 ἐξορκοὺτω
710 965 829 1040 αὐτοὺς
858 969 1013 1032 ἐναντίον
1042 972 1110 1032 τῶν
1142 969 1327 1057 δημοῂῶγν]
1347 1017 1352 1030 .
1372 1016 1378 1029 .
1398 1016 1431 1030 ..

292 1078 328 1138 In
350 1076 398 1139 his
421 1087 604 1159 pergratum
628 1079 757 1152 accidit,
785 1079 873 1158 quod
896 1098 972 1139 suae
995 1079 1107 1158 cuique
1130 1099 1172 1139 ex
1197 1078 1433 1159 magistratibus

202 1184 381 1265 dequibus
412 1183 569 1264 loquimur
600 1204 638 1245 ac
661 1193 766 1246 certae
796 1193 903 1265 partes
926 1183 1120 1246 tribuuntur:
1156 1186 1240 1246 unde
1263 1186 1326 1245 iam
1349 1182 1434 1246 nulla

202 1290 360 1352 dubitatio
399 1293 441 1352 de
472 1292 612 1372 ipsorum
652 1311 817 1352 munerum
857 1291 1039 1352 diversitate
1079 1290 1268 1371 relinquitur.
1321 1289 1434 1371 Atque

201 1396 290 1477 quod
314 1396 448 1477 logistae
471 1398 678 1478 computandi
706 1395 846 1458 officium
872 1393 1104 1474 (λογιεῖσθαι),
1134 1397 1276 1476 euthyno
1300 1397 1433 1459 notandi

203 1502 354 1565 delictum
371 1512 467 1584 atque
483 1503 643 1564 eximendi
660 1505 701 1564 de
716 1503 831 1565 tabulis
845 1504 1001 1564 rationem
1027 1499 1164 1584 (ἐξελεῖν
1186 1499 1243 1582 τὴν
1266 1497 1432 1579 εὔθυναν)

202 1609 375 1672 iniunctum
399 1609 511 1684 fertur,
543 1610 688 1689 congruit
712 1610 754 1670 eis
778 1630 859 1689 quae
883 1611 924 1671 de
949 1610 1108 1690 utriusque
1139 1611 1278 1671 muneris
1301 1611 1433 1671 circum·
1458 1692 1461 1696 Ι

203 1717 373 1797 scriptione
396 1736 489 1796 supra
513 1717 727 1794 exposuimus.
759 1714 807 1777 At
829 1736 907 1777 vero
932 1717 972 1777 de
995 1717 1161 1796 synegoris
1184 1723 1312 1796 prorsu's
1328 1717 1433 1796 singu-

202 1821 280 1884 laria
303 1823 483 1884 edocemur.
528 1821 575 1883 Illi
598 1823 681 1882 enim
712 1820 822 1902 plurali
853 1833 985 1883 numero
1017 1823 1048 1883 in
1071 1843 1200 1884 censum
1224 1832 1378 1885 vocantur
1401 1831 1435 1884 ut

204 1928 373 2008 collegium
401 1927 492 1989 simul
522 1929 636 2003 acturi,
664 1948 736 1989 cum
761 1949 803 1990 ex
826 1928 947 2008 logistis
970 1937 1003 1989 et
1030 1928 1178 2007 euthynis
1209 1951 1288 1990 unus
1311 1937 1434 1990 tanturn

177 2073 180 2076 -
205 2035 379 2106 rationibus
403 2035 605 2114 magistratus
637 2035 855 2096 examinandis
884 2034 1072 2097 adhibeatur
1085 2035 1123 2118 ¹):
1158 2035 1341 2116 eisdemque
1371 2055 1435 2096 non

205 2142 309 2204 solum
334 2150 368 2202 ut
390 2140 523 2222 populi
551 2142 703 2202 nomine
732 2162 811 2203 rem
836 2150 951 2222 agant
978 2143 1166 2222 praecipitur
1190 2139 1436 2223 (συνηγορήσων

205 2251 251 2330 τῷ
286 2244 388 2328 δήμῳ)
412 2249 470 2308 sed
496 2283 534 2292 -
564 2249 652 2328 quod
676 2248 895 2328 gravissimum
929 2257 961 2309 et
991 2249 1056 2309 sine
1081 2248 1232 2330 exemplo
1256 2257 1304 2310 est
1328 2285 1379 2323 —,
1403 2257 1438 2308 ut

205 2357 290 2418 adeo
314 2353 501 2434 suffragia
523 2355 595 2435 ipsi
618 2353 743 2416 ierant
767 2353 1016 2438 (ψηφιεῖσθαι).

298 2461 492 2541 Itaqueiam
517 2461 547 2521 in
572 2461 703 2523 dubium
727 2463 833 2522 vocari
861 2463 982 2541 nequit,
1013 2463 1088 2542 quin
1113 2456 1292 2543 ἀνάκρισις
1322 2461 1373 2523 illa
1396 2462 1437 2522 de

207 2569 450 2649 magistratuum
475 2568 648 2629 rationibus
668 2567 823 2648 alogistis
848 2588 1004 2629 unacum
1028 2570 1193 2648 synegoris
1217 2568 1357 2629 instituta
1373 2567 1438 2628 veri

207 2675 431 2756 praeiudicii
458 2673 595 2736 formam
618 2674 781 2735 habuerit:
815 2676 845 2736 in
876 2695 940 2754 quo
972 2674 1088 2754 logista
1109 2695 1237 2755 praeses
1273 2675 1438 2735 materiam

209 2802 229 2843 a
251 2789 353 2843 semet
377 2801 543 2842 excussam
567 2789 775 2862 proponeret,
798 2781 948 2860 synegori
979 2783 1019 2842 de
1042 2781 1137 2843 rebus
1160 2781 1289 2862 prolatis
1313 2781 1441 2842 consilia

208 2888 321 2949 inirent
352 2896 384 2948 et
415 2889 639 2969 disceptarent,
675 2888 811 2967 denique
849 2887 1011 2949 sententiis
1053 2887 1142 2949 dictis
1180 2887 1440 2968 praeiudicarent

208 2993 258 3055 Ea
273 3003 380 3056 autem
401 2995 557 3054 sententia
580 3014 658 3055 mox
675 2995 716 3054 ad
732 2994 869 3071 iudicum
892 2996 1138 3074 quingentorum
1155 2992 1322 3073 collegium
1339 3002 1439 3055 trans-

210 3100 401 3180 mittebatur,
426 3101 513 3179 quod
539 3101 683 3180 praeside
706 3099 829 3180 logista,
854 3098 1009 3161 referente
1033 3099 1167 3161 fortasse
1191 3120 1254 3160 uno
1278 3119 1320 3160 ex
1345 3119 1438 3177 syne-

210 3208 295 3287 goris
319 3227 390 3269 earn
415 3215 468 3267 aut
490 3207 553 3268 suis
569 3205 724 3287 suffragiis
740 3205 943 3267 confirmaret
959 3215 1013 3267 aut
1036 3207 1167 3268 reiceret
1182 3205 1233 3267 vel
1249 3207 1440 3267 immutaret.

210 3313 329 3393 Utique
351 3313 433 3374 enim
450 3332 684 3392 synegororum
705 3313 931 3394 praeiudicium
955 3313 1092 3374 iudicum
1116 3314 1288 3374 iuratorum
1305 3310 1441 3373 calculos

210 3419 404 3500 expectabat
433 3419 536 3480 donec
563 3420 709 3481 iudicium
739 3429 842 3481 ratum
870 3419 959 3481 fieret
991 3418 1096 3501 (supra
1119 3440 1148 3500 p.
1166 3421 1207 3480 26
1232 3440 1260 3480 n.
1282 3423 1324 3493 1),
1354 3416 1441 3480 haud

210 3547 302 3588 secus
326 3535 420 3606 atque
443 3535 571 3587 senatus
594 3525 773 3588 consultum
791 3521 1056 3608 (προβούλευμα)
1073 3527 1212 3587 contioni
1236 3525 1443 3588 committitur

211 3632 488 3712 comprobandum
519 3652 584 3712 quo
614 3631 835 3712 populiscitum
860 3627 1048 3716 (ψήφισμα)
1073 3632 1197 3693 evadat.
1244 3631 1296 3693 Ac
1318 3633 1443 3693 videtur

209 3737 288 3800 illud
318 3738 493 3799 institutum
525 3738 627 3819 ipsum
643 3759 785 3824 quoque
821 3739 862 3800 ad
893 3739 1074 3817 augendam
1104 3759 1209 3800 rerum
1246 3737 1441 3819 publicarum

210 3845 413 3906 securitatem
438 3853 597 3925 repertum
622 3865 708 3906 esse:
735 3854 820 3906 certe
844 3854 1008 3926 praeterea
1033 3865 1075 3906 ex
1098 3846 1164 3906 iure
1187 3845 1314 3926 publico
1337 3843 1440 3906 Athe-

210 3950 366 4012 niensium
390 3951 478 4030 quod
502 3971 575 4012 cum
600 3971 639 4012 eo
662 3950 823 4013 conferam
847 3950 966 4012 nullum
990 3951 1021 4011 in
1044 3960 1197 4033 promptu
1221 3960 1277 4013 est.

303 4056 449 4138 Apparet
471 4077 650 4137 synegoros
665 4057 777 4118 decem
794 4077 884 4119 suam
901 4067 1025 4138 partem
1042 4057 1189 4119 habuisse
1206 4077 1341 4137 eamque
1357 4057 1442 4119 haud

211 4161 325 4224 nullius
364 4164 518 4224 momenti
560 4164 591 4224 in
627 4171 697 4224 tota
737 4163 918 4226 definitione
956 4164 1032 4225 satis
1070 4163 1229 4245 implicata
1266 4162 1443 4226 officiorum

306 4375 332 4439 1)
348 4375 406 4427 Vid.
426 4391 542 4440 supra-p.
557 4373 599 4431 24.
620 4376 713 4424 Contra
733 4374 894 4444 συναγωγῆς
911 4374 968 4427 τῶν
986 4374 1119 4443 λογιστῶν
1137 4376 1230 4423 mentio
1249 4380 1285 4423 est
1303 4375 1361 4422 CIA
1379 4377 1391 4424 Ι
1410 4373 1444 4426 32

214 4463 289 4529 (infra
307 4481 333 4529 p.
345 4461 399 4530 33).
413 4491 444 4500 -
460 4463 572 4513 Similem
592 4464 706 4514 ordinem
725 4463 846 4512 Platonici
865 4479 962 4529 quoque
981 4465 1079 4527 euthyni
1098 4465 1165 4528 sequi
1184 4464 1296 4512 videntur
1315 4463 1381 4526 legg.
1394 4465 1444 4512 ΧΠ

213 4549 360 4617 pultis:
388 4549 499 4604 καὶτὰ
526 4552 592 4620 μὲν
612 4551 685 4620 ἰδίη
704 4549 863 4611 ἕκαστος,
889 4548 927 4605 τὰ
949 4551 984 4604 δὲ
1003 4551 1060 4604 καὶ
1079 4551 1179 4622 κοινῇ
1198 4547 1271 4619 μετ’
1293 4547 1444 4615 αλλήλων

214 4639 395 4713 κρίναντες
417 4638 479 4699 τούς
497 4636 635 4714 ἄρξαντας
658 4640 691 4712 τῇ
710 4637 786 4694 πόλει
805 4637 1019 4711 ἀποφηνάντων,
1039 4641 1077 4699 εἷς
1095 4637 1145 4705 την
1164 4637 1271 4713 ἀγορὰν
1289 4637 1444 4710 γράμματα

214 4729 382 4788 καταθέντες
394 4730 456 4801 περὶ
474 4726 588 4795 ἑκάστης
606 4725 700 4802 ἀρχῆς,
720 4725 763 4782 ὅτι
780 4726 833 4802 χρὴ
853 4735 958 4783 παθεῖν
977 4726 991 4793 ἢ
1012 4725 1153 4784 ἀποτίνειν
1171 4726 1240 4782 κατὰ
1260 4725 1309 4793 την
1327 4729 1383 4782 τῶν
1401 4725 1444 4783 εὖ·

215 4814 312 4870 θύνων
330 4815 446 4887 γνώμην
466 4821 507 4886 (cs.
521 4818 572 4874 945
586 4819 628 4886 A).
