3706 5876
720 553 943 614 „45-

217 730 300 788 θεῖα
323 723 440 790 πάντα
470 723 651 812 πρόσωπα.
698 727 801 809 Atqui
831 725 913 790 hanc
943 729 1071 808 quidem
1103 729 1287 810 particulam
1318 729 1442 793 aliunde
1534 731 1538 740 '

217 835 279 897 huc
294 835 412 898 illatam
426 856 495 898 esse
511 835 708 917 apertissime
725 842 805 916 puto
819 835 1028 897 demonstrari
1044 855 1147 916 posse.
1179 837 1256 899 Post
1271 832 1442 919 πρόσωπα

217 943 301 1006 enim
324 961 439 1006 vocem
462 941 542 1004 haec
565 942 741 1004 adnectitur
773 941 973 1004 observatio:
1010 939 1121 1003 ίστέον
1145 935 1185 1012 ὡς
1210 937 1248 1004 οὐ
1273 938 1359 1003 κατά
1384 939 1443 1003 τὸν

217 1043 332 1109 κοινὸν
355 1043 455 1128 λόγον
479 1047 515 1108 έν
531 1042 700 1129 Καυκάσῳ
726 1047 808 1127 φησί
833 1045 996 1108 δεδέσθαι
1021 1050 1218 1133 Προμηθέα,
1242 1045 1332 1109 ἀλλά
1357 1045 1443 1133 πρὸς

216 1159 287 1226 τοῖς
312 1149 527 1238 Εὐρωπαίοις
551 1157 694 1238 τέρμασι
724 1155 784 1214 τοῦ
805 1148 984 1230 Ὠκεανοῦ,
1017 1148 1059 1225 ὡς
1088 1150 1159 1216 ἀπὸ
1183 1156 1251 1216 τῶν
1273 1151 1360 1238 πρὸς
1382 1152 1444 1237 τήν

214 1257 264 1322 Ἰώ
291 1258 475 1342 λεγομένων
492 1260 564 1322 ἔστι
588 1256 781 1341 συμβαλεῖν.
827 1260 918 1322 Haec
941 1282 1014 1324 cum
1038 1283 1080 1322 ex
1104 1241 1328 1343 argumento
1353 1264 1442 1325 Pro-

217 1369 363 1431 methei
387 1369 521 1450 repetita
544 1389 613 1432 esse
636 1369 795 1444 viderent,
819 1368 958 1430 editores
981 1389 1093 1431 omnes
1117 1388 1135 1429 e
1158 1368 1263 1431 verbis
1286 1371 1445 1451 scriptoris

216 1485 430 1538 removerunt.
477 1474 525 1537 At
549 1475 624 1536 mihi
655 1475 762 1557 potius
787 1475 905 1536 diserto
928 1475 1111 1536 testimonio
1135 1474 1214 1536 haec
1241 1477 1376 1539 indicare
1399 1479 1443 1538 vi-

218 1583 332 1644 dentur
355 1583 451 1644 etiam
475 1601 557 1663 quae
580 1583 775 1662 praecedunt
798 1581 896 1642 verba
920 1582 961 1643 de
992 1582 1105 1642 eadem
1130 1580 1235 1642 fabula
1257 1582 1381 1663 prolata
1404 1584 1445 1644 ad

216 1696 439 1770 argumentum
463 1687 539 1750 illud
563 1689 727 1769 pertinere.
767 1687 851 1748 Nam
875 1688 905 1748 in
929 1689 1131 1767 argumentis
1155 1708 1237 1768 quae
1260 1709 1303 1750 ex
1319 1687 1443 1752 Aristo-

149 1861 151 1864 .
218 1795 328 1875 phanis
353 1793 515 1876 disciplina
531 1794 686 1875 prodiere,
710 1793 784 1856 talia
801 1795 841 1856 de
865 1795 1159 1874 componendarum
1184 1793 1360 1856 fabularum
1376 1805 1444 1859 arte
1507 1877 1509 1883 Ι

217 1902 329 1963 iudicia
343 1901 448 1962 locum
466 1900 613 1964 habuisse
630 1920 695 1962 non
710 1909 759 1963 est
774 1901 863 1980 quod
881 1919 1044 1981 exponam
1060 1909 1134 1980 post
1150 1903 1259 1962 doctas
1275 1910 1446 1984 acutasque

220 2027 292 2068 cum
326 2007 458 2070 aliorum
491 2017 556 2070 turn
580 2006 692 2069 Adolfi
715 2006 998 2087 Trendelenburgii
1029 2008 1071 2069 de
1101 2006 1146 2068 his
1178 2007 1272 2069 rebus
1295 2007 1445 2089 explana-

204 2114 330 2176 tiones.
372 2113 470 2176 Velut
493 2114 525 2175 in
548 2113 806 2194 Agamemnonis
829 2122 1019 2193 argumento
1043 2112 1123 2175 haec
1146 2112 1321 2176 habemus:
1347 2117 1445 2176 τοῦτο

221 2217 256 2280 δέ
290 2215 327 2280 τὸ
359 2222 460 2304 μέρος
492 2221 550 2281 τοί
584 2215 757 2304 δράματος
787 2214 1002 2298 θαυμάζεται
1034 2211 1074 2288 τίς
1105 2217 1261 2300 ἔκπληξιν
1292 2218 1367 2298 ἐ’χον
1391 2223 1447 2281 καί

221 2318 331 2391 οἶκτον
364 2322 490 2386 ἱκανόν.
525 2325 619 2397 ίδίως
652 2326 686 2387 δέ
711 2321 878 2403 Αἰσχύλος
901 2321 960 2386 τὸν
980 2321 1208 2405 Ἀγαμέμνονα
1239 2319 1303 2387 ὑπὸ
1329 2329 1448 2409 σκηνής

220 2428 445 2517 ἀναιρεῖσθαι
461 2439 565 2516 ποιεῖ,
588 2428 648 2493 τὸν
673 2431 709 2493 δέ
727 2427 935 2516 Κασάνδρας
949 2428 1122 2512 σιωπήσας
1143 2428 1301 2495 θάνατον
1325 2429 1447 2518 νεκράν

219 2535 324 2622 αὐτήν
339 2535 525 2615 ὑπέδειξεν,
551 2542 716 2621 πεποίηκέ
732 2561 768 2600 τε
786 2536 953 2619 Αἴγισθον
976 2541 1030 2600 καὶ
1048 2535 1347 2623 Κλυταιμνήστραν
1371 2537 1446 2600 ἑκά-

154 2683 156 2688 2
218 2667 317 2732 τερον
341 2642 626 2731 διίσχυριζάμενον
657 2647 737 2729 περί
768 2647 825 2727 τής
858 2641 1064 2730 ἀναιρέσεως
1088 2645 1137 2705 ἑνί
1161 2643 1356 2728 κεφαλαίῳ,
1387 2643 1447 2730 τήν

219 2755 281 2832 μὲν
303 2755 342 2842 τή
367 2749 542 2838 άναιρέσει
562 2748 773 2832 Ἰφιγενείας,
805 2747 865 2812 τδν
897 2751 932 2813 δέ
961 2757 1034 2821 ταῖς
1064 2753 1123 2812 τοῦ
1148 2747 1278 2836 πατρὸς
1304 2757 1446 2816 Θυέστου

222 2858 256 2931 έξ
274 2855 413 2944 Ἀτρέως
430 2865 631 2944 συμφοραῖς.
679 2853 746 2922 Sed
770 2860 865 2921 etiarn
889 2859 1018 2941 propius
1041 2860 1082 2920 ad
1107 2858 1184 2921 illius
1208 2860 1292 2920 unde
1315 2861 1447 2941 proiecti
1487 2847 1488 2852 ἵ

221 2987 328 3029 sumus
352 2966 583 3030 observationis
607 2965 839 3028 similitudinem
856 2959 971 3028 ¹Aiacis
995 2964 1196 3044 Sophocleae
1224 2974 1447 3046 argumentum

221 3073 343 3137 accedit
366 3073 452 3136 hisce
475 3073 598 3134 verbis:
635 3071 817 3152 δαιμονίως
849 3071 885 3132 δὲ
916 3069 1067 3154 εἰσφέρει
1098 3068 1366 3154 προλογίζουσαν
1389 3067 1448 3153 τήν

217 3175 375 3260 Ἀθηνᾶν.
409 3175 590 3240 άπίθανον
613 3175 676 3262 γάρ
699 3174 759 3240 τὸν
784 3175 917 3240 Αίαντα
949 3173 1113 3261 προϊόντα
1145 3177 1256 3238 εἰπεῖν
1279 3180 1359 3263 περὶ
1382 3181 1449 3238 τῶν

225 3278 310 3366 αὕτη]
336 3289 593 3370 πεπραγμένων,
619 3280 736 3368 δίσπερ
753 3281 963 3365 ἐξελέγχοντα
988 3280 1118 3346 ἑαυτόν.
1144 3279 1222 3345 οὐδὲ
1244 3279 1310 3365 μήν
1333 3280 1448 3366 ἕτερός

222 3413 272 3462 τις
295 3387 462 3474 ἠπίστατο
488 3387 530 3452 τά
556 3394 710 3467 τοιαῦτα,
736 3391 771 3452 έν
795 3387 975 3476 ἀπορρήτῳ
1001 3393 1055 3452 καὶ
1078 3386 1195 3460 νυκτὸς
1218 3392 1278 3458 τοῦ
1303 3387 1448 3460 Αἴαντος
1546 3435 1551 3440 -

223 3494 420 3582 δράσαντος.
445 3500 532 3560 θεοῦ
567 3485 626 3560 οὖν
656 3487 694 3578 ήν
716 3493 754 3559 τὰ
787 3500 943 3559 τοιοῦτον
967 3496 1195 3578 διασοφήσαι,
1229 3498 1282 3556 καί
1303 3493 1449 3577 Ἀθηνᾶς

222 3603 469 3688 προκηδομένης
492 3607 551 3666 τοῦ
565 3600 756 3680 Ὀδυσσέως,
782 3599 834 3665 διό
860 3622 941 3685 φησι
963 3605 1027 3665 (καί
1047 3599 1158 3664 πάλαι
1183 3599 1295 3682 φύλαξ
1318 3603 1395 3686 ίμην
1409 3606 1447 3693 τή

221 3714 261 3801 σή
286 3705 466 3795 πρόθυμος
498 3709 545 3781 είς
569 3706 833 3796 ὁδδυκυνηγίηέ.
888 3712 982 3774 Hanc
1012 3711 1196 3792 particulam
1224 3721 1291 3800 tres
1323 3712 1448 3773 codices
1479 3709 1483 3716 ’

222 3818 381 3893 exhibent,
406 3839 479 3882 cum
502 3828 632 3898 quartus
656 3820 783 3881 omittat
807 3820 920 3882 eadem
945 3819 1081 3893 ratione,
1105 3839 1169 3899 qua
1192 3818 1291 3880 simile
1315 3819 1356 3880 de
1372 3818 1447 3880 Pro-

221 3924 355 3988 metheis
378 3926 523 3988 iudicium
549 3946 591 3986 ex
614 3935 804 4008 argumento
829 3926 987 3988 intercidit
1011 3924 1091 3987 felici
1114 3924 1191 3986 illud
1215 3944 1288 3986 casu
1312 3925 1344 3985 in
1366 3925 1450 3986 vitae

220 4032 283 4096 fine
306 4041 475 4096 servatum.
516 4031 616 4114 Quod
640 4052 680 4094 eo
706 4031 823 4094 facilius
840 4031 920 4092 illinc
940 4032 1103 4093 detrusum
1127 4031 1189 4092 huc
1212 4030 1316 4092 inferri
1339 4032 1450 4111 potuit,

221 4141 309 4220 quod
334 4140 363 4200 in
389 4139 500 4201 codice
523 4137 699 4218 Aeschylio
724 4137 933 4201 Prometheus
961 4136 1067 4199 fabula
1090 4136 1234 4218 praefixo
1258 4137 1327 4218 ipso
1351 4155 1447 4217 argu-

221 4256 331 4308 mento
347 4247 445 4308 vitam
470 4247 607 4331 excepit.
640 4244 704 4308 Sed
729 4245 849 4308 accedit
872 4244 965 4319 aliud,
989 4245 1077 4325 quod
1101 4245 1291 4324 comparatis
1314 4243 1393 4304 inter
1415 4262 1450 4303 se

220 4360 481 4434 argumentorum
505 4352 613 4414 Aiacis
637 4349 882 4430 Prometheique
916 4351 994 4412 locis
1024 4349 1213 4431 proficimus.
1260 4348 1387 4410 Etenim
1415 4356 1450 4410 ut

221 4461 250 4520 in
268 4458 369 4522 Aiace
385 4459 497 4520 dicitur
514 4455 697 4536 δαιμονίως
714 4455 750 4516 δέ
768 4455 918 4540 εἰσφέρει
937 4453 1202 4538 προλογίζουσαν
1216 4450 1276 4536 τήν
1288 4450 1448 4535 Ἀθηνᾶν,

219 4565 263 4626 ita
293 4565 323 4626 in
354 4564 480 4628 scholiis
511 4566 553 4627 ad
576 4564 721 4626 Electrae
751 4585 878 4626 versum
904 4566 987 4626 312:
1024 4563 1206 4643 δαιμονίως
1237 4556 1449 4642 ᾠκονόμηται

220 4666 303 4746 κτλ,
334 4672 365 4732 in
395 4668 521 4732 scholiis
559 4670 593 4732 H
624 4672 666 4732 ad
697 4669 759 4733 Od.
791 4691 808 4748 γ
848 4672 910 4732 279
952 4667 1135 4749 δαιμονίως
1167 4663 1449 4752 προῳκονόμηται

221 4773 307 4854 κτλ,
337 4785 370 4840 et
401 4776 540 4839 similiter
571 4797 686 4839 vocem
716 4775 898 4856 δαιμονίως
927 4775 1103 4838 adhibitam
1141 4795 1210 4838 esse
1242 4774 1388 4836 videmus
1418 4774 1449 4839 in
