3706 5876
694 590 913 650 „59-

192 761 309 837 λέξεως
332 761 575 844 τάςγυναίκας·
599 768 672 828 καί
699 763 920 848 Σοφοκλῆς
952 766 995 828 δὲ
1020 760 1120 828 αὐτὸ
1147 766 1186 826 ἐκ
1209 767 1280 847 της
1303 761 1413 850 πρὸς

193 872 365 934 ἐκεῖνον
396 869 580 965 άμίλλης
615 881 740 936 ποιεῖ
771 871 1021 946 σπανιάκις.
1077 873 1157 939 Cum
1189 895 1227 936 ea
1258 894 1322 955 qua
1351 873 1413 936 hoc

190 981 263 1043 loco
294 982 335 1043 de
359 979 519 1062 Sophocle
549 983 697 1044 iudicium
728 980 764 1046 fit
795 984 915 1046 ratione
936 981 1093 1046 consentit
1116 982 1248 1062 Didymi
1271 980 1413 1044 scholion

193 1089 234 1149 ad
258 1087 404 1150 Electrae
432 1108 557 1151 versum
583 1092 643 1152 62:
678 1087 725 1160 εἰς
752 1091 852 1152 τοῦτο
884 1078 944 1153 οὖν
973 1089 1081 1151 λοικεν
1112 1085 1362 1150 ἀποτείνεσθαι
1393 1082 1410 1149 δ

194 1191 377 1276 Σοφοκλῆς.
400 1194 484 1256 ἔνιοι
502 1194 538 1256 δὲ
562 1194 691 1258 οἴονται
716 1193 900 1269 ἀπιθάνως
916 1197 963 1268 εἰς
977 1193 1130 1261 Ὀδυσσέα
1153 1191 1412 1258 ἀποτείνεσδαι·

191 1297 305 1373 οὔπως
328 1297 391 1387 γάρ
415 1305 609 1387 πέπρακταί
640 1326 672 1365 τι
695 1306 850 1366 τοιοῦτον
869 1301 1033 1368 Ὀδυσσεῖ.
1062 1299 1253 1384 ἐφυλάξατο
1279 1302 1314 1364 δὲ
1339 1297 1412 1366 ὀνο·

189 1406 301 1491 μάσαι
324 1405 383 1470 τὸν
399 1405 519 1493 ἀνδρα,
543 1406 587 1491 μη
611 1434 655 1492 τῳ
672 1407 877 1492 θαυμαστὸν
893 1404 981 1472 εἶναι
1005 1407 1092 1499 δόξη,
1118 1406 1161 1481 ὡς
1185 1409 1220 1472 ἐν
1242 1410 1411 1495 τραγῳδία

190 1519 247 1578 καί
286 1513 386 1599 μύθῳ
424 1513 562 1600 παλαιῷ
602 1515 780 1599 τετόλμηκέ
819 1540 852 1580 τι
883 1515 1049 1600 κακόηθες
1081 1518 1192 1580 εἰπεῖν
1223 1520 1280 1578 καί
1311 1540 1409 1602 προς-

189 1619 387 1709 κρουστικδν
415 1624 463 1695 είς
491 1619 570 1695 τούς
600 1621 678 1686 καθ’
713 1623 851 1701 ἑαυτόν,
884 1620 901 1687 ὃ
929 1623 1061 1706 μᾶλλον
1092 1620 1213 1710 ἥρμοζε
1242 1624 1409 1706 κωμῳδία.

190 1733 339 1816 Quocum
356 1731 498 1795 conferas
515 1733 655 1796 eiusdem
664 1733 797 1814 Didymi
812 1732 954 1796 scholion
971 1735 1011 1796 ad
1027 1733 1268 1796 Phoenissarum
1285 1754 1410 1795 versum

191 1843 250 1904 751
267 1868 273 1903 ε
301 1835 518 1918 πεφύλακται
541 1835 603 1910 τάς
619 1834 807 1920 ὀνομασίας
824 1834 934 1902 αὐτῶν
958 1838 1079 1915 εἰπεῖν,
1097 1834 1140 1911 δίς
1158 1855 1240 1921 φησι
1256 1839 1411 1920 Δίδυμος,

190 1943 247 2009 διά
279 1942 317 2009 τό
352 1941 418 2010 ὑπὸ
452 1943 619 2024 Αἰσχύλου
651 1945 811 2031 είρησίίαι
843 1947 879 2007 δν
905 1954 977 2018 τοῖς
1005 1942 1111 2009 Ἑπτά
1145 1945 1202 2008 lul
1233 1943 1358 2028 Θηβας,
1390 1940 1409 2030 ἢ

189 2050 305 2136 ἐπειδη
329 2051 373 2136 μὴ
398 2049 502 2117 καλὸν
524 2043 563 2136 ἦν
592 2050 735 2117 ἑκάστου
766 2051 959 2134 καταλέγειν
982 2049 1019 2116 τὸ
1045 2049 1154 2134 ὄνομα
1177 2057 1236 2115 τοῦ
1260 2051 1411 2132 πολέμου

185 2161 391 2248 ἐπείγοντος.
441 2163 484 2225 Et
511 2162 655 2244 proiecto
686 2162 868 2244 Euripidem
900 2162 985 2226 haud
1023 2183 1094 2225 raro
1125 2172 1237 2245 poetas
1268 2161 1409 2225 aemulos

188 2279 297 2351 aperte
327 2271 512 2352 impugnare
535 2278 568 2330 et
596 2270 697 2331 invehi
728 2270 758 2330 in
783 2290 892 2332 eorum
918 2269 1072 2332 rationem
1098 2307 1139 2314 -
1170 2268 1256 2333 velut
1287 2279 1410 2355 praeter

187 2375 273 2440 illurn
297 2375 538 2440 Phoenissarum
561 2375 666 2438 locum
689 2377 719 2438 in
744 2375 951 2458 SupplicibuS,
975 2377 1004 2437 in
1021 2374 1157 2452 Electra,
1181 2375 1256 2438 alias
1282 2413 1321 2420 ---
1342 2377 1411 2458 quis

190 2493 236 2546 est
260 2485 313 2566 qui
336 2482 484 2564 ignoret?
516 2482 567 2545 Ac
590 2504 629 2576 ne
652 2482 722 2545 illae
744 2483 873 2564 quidem
898 2483 1196 2564 praetermittendae
1219 2493 1291 2546 sunt
1314 2485 1409 2546 comi-

188 2611 299 2653 corum
323 2611 395 2653 cum
419 2590 543 2672 tragicis
567 2591 793 2653 contentiones.
839 2591 986 2671 Namque
1014 2611 1077 2652 non
1100 2591 1205 2672 inepte
1228 2590 1347 2654 scholia
1369 2593 1410 2654 ad

189 2699 296 2761 Ranas
313 2699 435 2760 dicere:
463 2691 515 2760 ὅτι
539 2692 750 2778 ἀλλήλους
767 2692 992 2774 διαβάλλουσι
1015 2699 1154 2776 κωμικοί
1171 2699 1227 2758 καί
1250 2701 1410 2782 τραγικοί,

188 2807 219 2868 id
250 2806 312 2868 iarn
351 2814 463 2867 notum
499 2803 573 2867 illud
604 2804 761 2886 Euripidis
793 2805 823 2865 in
855 2803 1036 2886 Melanippa
1071 2805 1187 2887 probat
1218 2805 1409 2888 exemplum.

188 2913 334 2994 Denique
364 2911 426 2974 huc
456 2911 655 2975 referendum
688 2912 745 2974 erit
769 2911 908 2992 Lycurgi
939 2910 1151 2992 fragmentum
1175 2914 1259 2994 apud
1283 2912 1408 2996 Harpo-

188 3020 360 3082 crationem
382 3028 542 3084 servatum
567 3040 638 3083 cum
663 3019 795 3100 Didymi
818 3017 1046 3100 explicatione,
1076 3040 1157 3101 quae
1181 3021 1307 3102 quidem
1331 3019 1410 3102 lugit

188 3127 218 3188 in
251 3126 341 3190 huius
371 3127 567 3207 grammatici
591 3125 734 3208 relliquiis
762 3125 944 3207 colligendis
968 3126 1152 3189 Mauricium
1177 3126 1407 3190 Schmidtium:

187 3228 277 3304 τοὺς
302 3232 459 3317 ἑτέρους
482 3228 706 3317 τραγῳδοὺς
731 3228 980 3319 ἀγωνιεῖται]
999 3235 1186 3318 Λυκοῦργος
1207 3232 1302 3315 ἐντῷ
1325 3229 1410 3318 πρὸς

179 3336 353 3421 Δημάδην,
377 3342 434 3401 καί
454 3335 599 3420 Δίδυμός
624 3356 725 3423 φησιν
749 3334 802 3401 ὅτι
826 3343 994 3423 παροιμία
1018 3338 1110 3401 ἐστίν
1134 3340 1282 3402 ἐπὶτῶν
1305 3336 1408 3424 άρμο.

189 3445 332 3527 ζομένων
348 3449 405 3508 καί
422 3443 720 3529 σεμνοποιούντων
744 3441 883 3517 ἑαυτοὺς
906 3441 992 3531 πρὸς
1014 3442 1057 3508 τά
1083 3446 1231 3523 ἐναντία,
1255 3448 1308 3510 ubi
1325 3444 1409 3527 ἀγω-

186 3561 310 3615 νιεῖται
333 3557 448 3618 eodem
473 3555 537 3618 fere
560 3576 653 3618 sensu
679 3563 843 3636 usurpatur
865 3577 930 3638 quo
954 3553 1127 3636 κωμῳδεῖν
1150 3576 1222 3617 cum
1246 3554 1312 3618 aliis
1335 3557 1409 3619 dicit

188 3660 371 3724 Aristoteles
394 3663 424 3724 in
448 3671 515 3724 arte
538 3663 681 3745 poetica:
709 3659 757 3723 ’ἑτι
779 3660 814 3723 δὲ
828 3654 1045 3746 Ἀρειφράδης
1067 3657 1160 3732 τοὺς
1183 3657 1409 3745 τραγῳδοὺς

188 3763 397 3850 ἐκωμῴδει.
632 3848 634 3851 Ι

279 3874 439 3957 Quorsum
472 3877 618 3958 equidem
650 3879 828 3941 testimonia
866 3877 982 3960 colligo
1014 3879 1054 3940 de
1085 3898 1133 3953 re,
1172 3899 1268 3960 quam
1299 3888 1332 3942 et
1361 3879 1409 3941 alii

186 3990 358 4044 tractarunt
381 3991 413 4045 et
428 3982 478 4045 Tu
494 3985 567 4065 ipse,
591 3993 681 4066 pater
704 3987 832 4068 optime,
856 3984 940 4048 haud
956 3984 1054 4048 semel
1077 3985 1230 4068 attigisti?
1253 3986 1408 4049 Nimirum

187 4089 301 4151 eodem
325 4089 481 4170 pertinere
510 4100 588 4172 puto
618 4090 723 4154 locum
754 4090 839 4155 illurn
864 4091 981 4156 Suidae
1012 4092 1230 4169 decantatum,
1262 4093 1314 4176 qui
1338 4092 1409 4156 Tibi

186 4197 384 4276 potissimum
414 4196 604 4260 iracundiam
629 4219 725 4282 saepe
748 4219 786 4262 ac
815 4199 1015 4262 stomachum
1041 4201 1147 4262 movit.
1194 4199 1278 4264 Eum
1301 4208 1408 4264 autem

186 4300 290 4364 locum
323 4305 410 4384 quod
442 4305 482 4366 de
506 4304 671 4386 tetralogia
702 4304 817 4388 aliquid
841 4307 1001 4370 continere
1033 4307 1167 4370 statuisti
1193 4329 1264 4370 cum
1289 4309 1408 4384 ceteris,

186 4408 218 4470 id
242 4411 330 4472 unius
354 4410 487 4473 debetur
508 4411 634 4474 Meursii
657 4412 862 4476 coniecturae.
910 4412 973 4495 Qui
996 4413 1049 4475 ubi
1072 4415 1103 4476 in
1126 4413 1287 4478 codicibus
1310 4414 1404 4496 legit:

188 4516 243 4575 καί
268 4509 370 4586 αὐτὸς
393 4505 469 4598 ἦρξε
493 4519 552 4578 τοῦ
584 4516 700 4601 δρᾶμα
724 4514 811 4602 πρὸς
836 4518 949 4602 δρᾶμα
974 4515 1220 4598 ἀγωνίζεσθαι,
1249 4517 1338 4581 ἀλλά
1363 4516 1407 4602 μὴ

188 4619 441 4707 στρατολογίαν,
465 4644 523 4705 pro
547 4625 661 4688 ultimis
685 4626 789 4688 verbis
809 4621 879 4690 ‘sed
903 4648 968 4689 non
992 4629 1148 4690 exercitus
1171 4623 1404 4691 collectionem'

184 4724 262 4792 ‘sine
278 4726 390 4793 dubio'
417 4725 508 4791 ἀλλά
523 4725 567 4812 μὴ
592 4728 811 4815 τετραλογίαν
826 4733 1064 4797 rescribendum
1081 4755 1150 4797 esse
1173 4737 1285 4816 posuit.
1326 4735 1407 4799 Cum

187 4838 269 4899 enim
293 4837 447 4919 Aeschyli
468 4837 664 4921 aliorumque
687 4841 812 4922 saepius
830 4861 932 4923 neque
956 4849 1063 4904 tamen
1086 4861 1223 4924 unquam
1241 4841 1408 4925 Sophoclis
