3706 5876
958 546 1280 624 -ar--¹

451 745 524 788 raro
562 705 712 786 accidisse
751 723 954 798 crediderim,
985 733 1020 785 ut
1050 723 1103 804 qui
1133 723 1240 786 statim
1278 733 1352 804 post
1390 743 1507 786 annum
1532 725 1680 786 ¹muneris

452 840 602 893 exactum
626 830 763 892 iudicum
787 828 911 891 calculis
935 838 989 891 aut
1012 828 1166 910 probatus
1197 838 1281 891 esset
1308 839 1363 891 aut
1386 829 1564 904 absolutus,
1595 831 1678 892 idern

451 927 560 1000 multo
576 946 650 1018 post
673 958 730 1019 per
753 935 930 1016 euthynum
953 935 1069 998 fraudis
1089 935 1140 998 vel
1163 935 1325 1017 peculatus
1348 956 1419 998 reus
1442 935 1533 1003 fieret
1548 946 1581 998 et
1597 957 1680 999 nova

450 1044 605 1106 sententia
626 1043 728 1106 iudicii
753 1045 1026 1105 condemnaretur.

540 1150 576 1211 In
599 1148 716 1232 triplex
739 1149 831 1230 igitur
853 1147 1034 1231 periculum,
1058 1149 1111 1230 qui
1134 1146 1260 1230 publico
1278 1168 1408 1211 munere
1423 1141 1635 1224 functi'erant,
1649 1150 1680 1211 in

451 1255 624 1318 rationibus
647 1256 817 1330 reddendis
840 1247 1047 1318 incurrebant.
1085 1256 1234 1336 Namque
1246 1242 1248 1247 ’
1258 1264 1458 1326 accusatores
1473 1264 1506 1317 et
1521 1256 1552 1317 in
1566 1257 1680 1318 iudicio
1698 1245 1700 1252 ’

452 1361 501 1439 (ἐν
517 1357 692 1439 εὐθύναις)
704 1363 828 1424 evocati
844 1362 1002 1444 appellare
1016 1372 1049 1424 et
1065 1363 1222 1426 ordinaria
1237 1363 1361 1426 actione
1376 1363 1498 1449 (γραφῇ
1515 1356 1679 1438 εὐθυνῶν)

451 1469 606 1551 persequi,
629 1468 764 1549 denique
787 1468 945 1548 euthynus
969 1469 1064 1530 citare
1086 1469 1305 1548 magistratum
1323 1469 1364 1528 de
1379 1468 1552 1530 rationibus
1566 1489 1679 1550 parurn

451 1575 594 1657 probatis
617 1583 752 1656 poterat.
791 1573 892 1655 Atqui
915 1573 997 1636 hanc
1020 1582 1143 1636 tantam
1166 1594 1331 1636 causarum
1355 1576 1541 1638 varietatem
1564 1575 1679 1636 scimus

451 1701 555 1761 neque
586 1682 661 1744 satis
691 1700 818 1762 semper
847 1679 981 1742 valuisse
1009 1680 1051 1742 ad
1090 1679 1255 1760 improbos
1292 1682 1493 1762 magistratus
1531 1699 1678 1742 coercen-

452 1788 512 1849 dos
536 1796 568 1849 et
592 1785 720 1849 mirifice
750 1786 863 1850 lavisse
887 1785 1068 1848 delatorum
1096 1785 1215 1848 artibus
1247 1795 1279 1850 et
1302 1787 1426 1848 insidiis.
1473 1786 1526 1848 Ac
1556 1787 1679 1868 saepius

451 1892 637 1974 logistarum
661 1894 838 1955 indicumve
860 1893 926 1954 sive
949 1891 1150 1973 neglegentia
1172 1893 1238 1954 sive
1260 1891 1456 1972 indulgentia
1479 1894 1679 1974 magistratus

451 2000 609 2061 rationum
633 2000 779 2061 iudicium
803 1998 912 2080 effugit
925 2003 965 2075 ¹):
998 1997 1055 2061 fuit
1078 2000 1173 2062 etiarn
1204 1999 1256 2060 ubi
1280 1998 1415 2080 logistae
1443 2001 1501 2080 ipsi
1523 2000 1677 2081 praevari-

453 2106 583 2167 cationis
614 2105 740 2186 culpam
772 2105 1002 2168 contraherent.
1058 2104 1164 2186 Quem
1201 2107 1243 2167 ad
1274 2105 1406 2167 modum
1439 2107 1481 2167 de
1509 2099 1691 2168 Timarcho'

454 2210 630 2274 Aeschines
667 2215 694 2286 l,
723 2213 800 2272 106:
843 2207 998 2287 λογιστὴς
1031 2208 1093 2291 γάρ
1131 2208 1306 2291 γενόμενος
1344 2208 1490 2272 πλεῖστα
1527 2215 1590 2291 μὲν
1621 2207 1680 2293 τὴν

454 2313 558 2378 πόλιν
582 2314 712 2402 ἔβλαψε
738 2315 829 2400 δῶρα
853 2313 1038 2397 λαμβάνων
1061 2310 1158 2400 τταρά
1184 2319 1248 2378 τῶν
1271 2311 1310 2378 οὐ
1336 2315 1472 2388 δικαίως
1496 2314 1679 2403 ἀρξάντων,

452 2420 606 2505 μάλιστα
632 2419 661 2484 δ’
682 2413 933 2506 ἐσυκοφάντησε
956 2426 1022 2484 τῶν
1039 2417 1240 2486 ὑπευθύνων
1255 2420 1330 2494 τοὺς
1345 2423 1449 2505 μηδὲν
1464 2420 1677 2506 ι’]δικηκόταςι

452 2531 516 2594 hoc
537 2532 568 2592 ni
589 2529 679 2609 fallor
703 2531 840 2594 indicans
863 2530 949 2593 illurn
971 2533 1112 2593 actiones
1129 2533 1243 2594 merito
1260 2532 1384 2594 delatos
1400 2552 1571 2608 recusasse,
1595 2532 1678 2594 dela-

452 2648 539 2701 tores
561 2637 727 2718 improbos
750 2638 924 2700 adiuvasse.
964 2637 1170 2719 Quamquam
1194 2640 1283 2718 quod
1307 2659 1409 2700 unus
1433 2658 1475 2700 ex
1495 2638 1679 2720 logistarum

389 2730 394 2737 ’
453 2744 588 2824 collegio
605 2745 729 2825 copiam
746 2743 887 2806 habebat
902 2744 1058 2806 eiusmodi
1082 2743 1221 2806 facinora
1241 2745 1468 2820 committendi,
1493 2748 1536 2808 ita
1552 2748 1680 2808 demum

453 2850 604 2932 explicari
634 2850 768 2930 poterit,
807 2850 832 2911 si
863 2851 1028 2912 statuimus
1059 2859 1094 2912 ut
1125 2850 1284 2930 euthynos
1315 2852 1445 2932 negotia
1480 2853 1522 2913 ita
1552 2851 1680 2933 logistas

452 2978 562 3020 causas
585 2958 666 3019 inter
692 2977 727 3018 se
757 2957 890 3038 partitos
921 2978 998 3020 esse.
1045 2956 1137 3038 Quae
1160 2978 1210 3020 res
1233 2977 1288 3038 per
1314 2978 1349 3018 se
1371 2956 1595 3038 probabilitate
1618 2978 1680 3020 non

453 3073 555 3126 caret:
586 3062 763 3125 confirmari
794 3072 900 3125 autem
929 3065 1054 3126 videtur
1081 3063 1192 3145 plurali
1224 3059 1267 3124 τά
1292 3059 1485 3146 ίογιστίηρια
1508 3085 1573 3145 quo
1597 3065 1680 3146 apud

453 3169 659 3232 Andocidem
676 3169 694 3230 l.
710 3191 736 3232 c.
753 3178 785 3231 et
800 3170 996 3231 Dinarchum
1019 3168 1205 3250 logistarum
1221 3170 1315 3231 sedes
1338 3169 1530 3250 significatur
1540 3172 1574 3247 ί),
1584 3179 1585 3184 ’
1597 3170 1679 3232 haud

452 3296 543 3340 secus
567 3285 662 3356 atque
684 3272 728 3336 τά
751 3270 873 3358 α’ρχεῖα
906 3278 946 3338 de
970 3278 1053 3338 curia
1076 3277 1180 3350 dicto,
1211 3296 1294 3356 quae
1322 3277 1412 3359 plura
1443 3275 1548 3339 officia
1571 3277 1679 3358 capiat.

1030 3469 1056 3550 g.
1082 3473 1110 3534 4.

541 3612 609 3674 lam
640 3613 799 3693 aliquanto
830 3614 958 3687 certiuS,
991 3613 1022 3673 ni
1045 3611 1148 3686 fallor,
1180 3614 1221 3675 de
1244 3615 1410 3694 synegoris
1441 3614 1482 3675 ab
1506 3612 1679 3677 Aristotele

452 3720 712 3781 commemoratis
736 3720 872 3781 iudicare
894 3720 1006 3781 licebit.
1063 3718 1127 3800 Qui
1149 3721 1237 3803 quod
1261 3720 1368 3782 scribit
1394 3723 1499 3800 (supra
1521 3741 1551 3801 p.
1570 3721 1601 3795 8)
1626 3719 1680 3778 καί

454 3820 579 3894 ἄλλους
597 3823 676 3884 δέκα
690 3822 897 3908 συνηγόρους,
910 3822 1031 3894 οἵτινες
1048 3829 1392 3909 συνανακρίνουσι
1408 3821 1540 3895 τούτοις
1548 3829 1603 3902 (sc.
1611 3831 1680 3894 τοῖς

452 3927 636 4010 λογισταῖς)
650 3967 686 3976 -
697 3933 728 3994 id
744 3931 829 3993 nullo
845 3933 976 4012 negotio
993 3931 1108 3993 referre
1124 3933 1269 3994 videmur
1285 3934 1326 3994 ad
1341 3953 1412 3994 eam
1430 3927 1609 4015 ἀνάκρισιν
1621 3951 1681 4013 qua

452 4035 616 4118 significari
639 4037 721 4100 solet
744 4040 827 4101 actio
852 4040 882 4100 in
906 4040 986 4100 iure:
1013 4039 1066 4099 ubi
1090 4039 1239 4100 examine
1263 4038 1347 4102 lacto
1372 4041 1571 4101 documentis
1588 4049 1681 4120 atque

544 4250 569 4314 1)
589 4251 647 4313 Lys.
667 4248 710 4316 25,
729 4247 777 4301 30:
803 4249 849 4301 καὶ
868 4249 972 4319 ταχέως
990 4249 1043 4318 μὲν
1062 4247 1091 4301 ἐκ
1110 4246 1234 4312 πενητων
1253 4247 1376 4303 πλούσιοι
1395 4251 1565 4319 γεγένηνται,
1585 4245 1682 4308 πολλὰς

453 4338 472 4389 d
474 4334 480 4352 ²
496 4333 585 4410 ἀρχάς
598 4332 730 4410 ἄρχοντες
742 4334 872 4409 οὐδεμιᾶς
884 4335 1005 4402 εὐθύνην
1016 4340 1071 4402 (scr.
1080 4332 1212 4403 εὔθυναν)
1224 4337 1356 4391 διδόασιν.
1372 4341 1402 4390 cf.
1411 4341 1500 4392 Aesch.
1514 4342 1537 4388 in
1545 4340 1610 4390 Cres.
1621 4338 1636 4390 9
1646 4356 1681 4403 sq.

452 4429 526 4479 Dem.
545 4427 577 4476 de
594 4427 636 4475 FL
656 4426 716 4480 103.

542 4514 568 4582 2)
595 4501 718 4579 Harpocr.
738 4517 884 4585 Λογιστοιί·
910 4517 956 4569 καὶ
980 4512 1135 4589 λογιστηρια
1152 4554 1241 4568 .....
1261 4513 1415 4589 λογιστηρια
1440 4514 1467 4569 δ’
1488 4515 1545 4569 ἐστὶ
1570 4514 1603 4569 τά
1629 4515 1683 4569 τῶν

450 4603 583 4674 λογιστῶν
602 4599 710 4677 ἀρχεῖα,
730 4601 765 4662 ὠς
785 4605 940 4678 Δείναρχος
958 4603 988 4660 ἒν
1006 4601 1133 4674 τῷαατά
1159 4602 1342 4677 Τιμοκράτους
1365 4605 1411 4658 καὶ
1427 4601 1580 4669 Ἀνδοκίδης
1598 4604 1628 4658 ἓν
1646 4606 1683 4674 τῷ

451 4693 513 4765 περὶ
537 4692 593 4745 τῶν
617 4693 773 4764 μυστηρίων
795 4694 928 4758 δηλοῦσιν.
971 4696 1093 4745 Pluralem
1118 4696 1223 4744 Meierus
1248 4697 1310 4761 (Art.
1330 4697 1402 4747 Proc,
1427 4713 1452 4760 p.
1473 4694 1522 4747 lOl
1542 4712 1567 4747 n.
1587 4693 1631 4760 97)
1652 4694 1683 4742 ad

453 4782 533 4846 plures
558 4783 665 4830 eiusdem
690 4784 796 4832 nominis
821 4785 891 4833 sedes
916 4785 1019 4850 rettulit,
1044 4790 1070 4833 ut
1088 4801 1112 4834 v.
1132 4800 1154 4834 c.
1173 4799 1220 4832 una
1240 4785 1400 4850 logistarum,
1425 4786 1502 4834 altera
1521 4785 1681 4848 euthynorum
