3706 5876
961 560 1180 622 -28-

455 753 532 796 vero
563 734 736 798 luculenter
767 734 970 798 confirmatur
1008 737 1149 798 eiusdem
1177 736 1358 798 testimonio
1389 733 1473 817 apud
1504 734 1678 814 Harpocra-

455 843 585 916 tionem‚
609 843 693 904 unde
717 844 930 922 comperimur
952 842 1082 923 logistas
1098 845 1236 904 rationes
1260 841 1434 904 officiorum
1451 841 1581 921 exigere
1603 840 1678 900 intra

456 948 625 1030 proximos
648 950 775 1029 triginta
799 950 865 1011 dies
888 958 962 1030 post
987 951 1206 1030 magistratum
1231 949 1419 1030 depositum.
1433 952 1456 1024 ¹)
1496 946 1595 1028 Quod
1617 946 1679 1008 sine

456 1056 573 1118 idonea
605 1056 726 1116 ratione
760 1055 857 1136 vulgo
892 1055 1092 1118 confunditur
1123 1077 1195 1118 curn
1223 1065 1369 1136 tempore
1397 1054 1468 1135 lege
1498 1055 1680 1136 praestituto

456 1170 531 1243 post
554 1162 643 1242 quod
666 1160 789 1242 logistis
813 1183 877 1224 non
899 1163 962 1224 iam
985 1161 1104 1224 licuerit
1120 1163 1336 1225 accusationes
1352 1162 1503 1223 adversus
1520 1161 1680 1240 magistra-

457 1276 525 1331 tum
558 1288 577 1329 a
608 1269 735 1350 privatis
774 1268 954 1330 hominibus
992 1267 1113 1330 delatas
1151 1269 1290 1351 recipere
1322 1273 1428 1348 (supra
1458 1288 1488 1348 p.
1521 1268 1560 1330 23
1590 1287 1619 1328 n.
1644 1265 1682 1341 2).

457 1374 568 1455 Atque
592 1395 689 1436 unum
713 1374 825 1437 saltem
849 1374 1033 1456 exemplum
1057 1383 1185 1455 praesto
1208 1384 1257 1437 est
1272 1375 1360 1455 quod
1377 1375 1449 1436 testi
1464 1373 1561 1435 fidem
1578 1373 1683 1435 addat.

457 1481 605 1560 Namque
626 1481 656 1541 in
671 1480 864 1562 populiscitis
886 1481 1002 1543 saeculi
1016 1483 1146 1544 secundi
1161 1501 1243 1562 quae
1258 1490 1426 1563 supersunt
1441 1481 1471 1540 in
1488 1479 1683 1561 epheborum

457 1585 614 1648 honorem
638 1597 712 1668 post
736 1608 853 1648 annum
876 1587 1052 1650 studiorum
1084 1598 1233 1650 exactum
1261 1588 1396 1650 decretis
1424 1597 1567 1649 cosmeta
1590 1585 1683 1666 ephe-

457 1693 573 1755 borum
604 1702 730 1755 curator
760 1714 824 1755 non
856 1714 1012 1756 unacum
1036 1693 1289 1756 adulescentibus
1318 1693 1538 1774 magistrisque
1566 1711 1684 1766 eorum,

458 1801 516 1862 sed
539 1801 688 1882 proxima
712 1801 842 1862 demum
865 1801 1012 1880 prytania
1034 1810 1066 1862 et
1090 1820 1200 1862 mense
1222 1801 1365 1880 sequenti
1396 1799 1490 1862 laude
1513 1807 1545 1860 et
1569 1817 1686 1859 corona

458 1914 603 1967 ornatur:
630 1926 695 1968 non
718 1905 811 1968 aliam
835 1905 879 1968 ob
902 1926 1029 1968 causam
1054 1907 1173 1988 opinor,
1197 1927 1293 1987 quam
1309 1907 1382 1987 quia
1406 1927 1448 1967 ex
1464 1905 1535 1986 lege
1551 1905 1686 1966 rationes

459 2013 487 2074 ei
510 2013 540 2072 in
563 2011 677 2073 iudicio
709 2014 794 2093 prius
825 2012 1008 2074 reddendae
1036 2022 1125 2074 erant
1148 2033 1244 2093 quam
1268 2033 1386 2075 corona
1415 2014 1535 2074 donare
1559 2030 1687 2072 munere

459 2117 657 2200 perfunctum
681 2117 796 2180 liceret.
805 2121 828 2195 ²)
864 2118 975 2199 Itaque
998 2119 1077 2180 sicut
1100 2120 1342 2200 magistratuum
1365 2118 1546 2200 probationi
1562 2117 1686 2179 ultimus

459 2225 576 2285 mensis
606 2225 678 2285 anni
708 2224 803 2286 civilis
835 2225 1008 2286 destinatus
1040 2235 1119 2300 erat,
1151 2236 1225 2307 post
1252 2246 1348 2306 quem
1377 2246 1491 2287 munus
1514 2225 1620 2287 statim
1643 2225 1684 2284 in·

459 2330 681 2410 grederentur:
713 2331 756 2391 ita
779 2341 1026 2392 consentaneum
1051 2341 1118 2393 erat
1140 2332 1298 2393 rationum
1322 2330 1506 2393 relationem
1534 2333 1615 2392 intra
1637 2330 1685 2392 tri-

460 2437 548 2516 ginta
571 2437 638 2498 dies
660 2445 736 2517 post
756 2435 911 2498 honorem
932 2438 1113 2519 depositum
1134 2473 1173 2482 —
1189 2438 1242 2519 qui
1258 2437 1353 2518 longe
1369 2436 1508 2519 plurimis
1524 2438 1685 2518 magistra-

459 2542 543 2604 tibus
574 2562 653 2604 unus
683 2544 832 2622 idemque
856 2545 972 2604 mensis
996 2543 1263 2606 Hecatombaeon
1290 2551 1358 2606 erat
1381 2580 1425 2588 -
1449 2552 1481 2604 et
1504 2543 1685 2624 logistarum

460 2649 599 2710 examini
630 2657 662 2710 et
685 2649 822 2710 iudicum
855 2648 978 2711 calculis
1010 2650 1285 2730 comprobandam
1317 2651 1424 2713 subici.
1470 2650 1584 2729 Neque
1611 2649 1687 2711 ultra

461 2753 524 2816 hoc
547 2755 644 2817 breve
676 2756 812 2836 spatium
844 2756 997 2837 temporis
1031 2756 1143 2818 durare
1176 2758 1405 2820 existimandae
1432 2765 1505 2818 sunt
1528 2757 1687 2818 custodiae

465 2941 677 2950 ———.—-

462 3088 477 3120 a
502 3073 614 3137 strategis
645 3074 678 3122 ad
708 3073 858 3138 praelectum
890 3074 978 3124 relatus
1009 3075 1035 3123 in
1066 3075 1148 3126 edicto
1174 3077 1215 3128 Ti.
1238 3075 1292 3124 Iulii
1317 3075 1452 3124 Alexandri
1475 3074 1533 3124 CIG
1561 3075 1598 3123 111
1622 3071 1688 3126 4957

461 3158 670 3214 nffiffim

553 3267 580 3331 1)
599 3270 724 3334 Harpocr.
737 3286 760 3320 v.
774 3269 898 3338 λογισταί
911 3309 917 3320 .
932 3309 937 3320 .
952 3309 959 3320 .
973 3269 1025 3323 εἶσὶ
1045 3270 1073 3323 δὲ
1092 3267 1141 3323 τὸν
1160 3266 1285 3344 ἀριθμὸν
1298 3271 1372 3330 δέκα,
1392 3267 1418 3323 οἳ
1435 3267 1484 3329 τὰς
1501 3266 1623 3330 εὐθύνας
1639 3269 1691 3323 τῶν

463 3356 638 3426 διῳκημένων
657 3355 840 3427 ἔκλογίζονται
859 3355 890 3410 ἔν
908 3355 1022 3432 ἡμέραις
1040 3357 1202 3431 spirirum}
1226 3357 1294 3412 ὅταν
1312 3356 1361 3418 τὰς
1380 3355 1470 3433 ἀρχὰς
1487 3355 1651 3413 ἀποθῶνται
1669 3355 1693 3411 oi

469 3436 482 3455 'l

462 3461 601 3515 αρχοντες.

550 3550 577 3616 2)
597 3551 629 3602 cf.
647 3553 738 3605 Aesch.
758 3551 782 3612 3,
797 3553 829 3604 ll
843 3569 878 3618 sq.
902 3550 974 3626 Ἂρχ.
986 3549 1046 3622 Ἔφ.
1060 3571 1083 3604 n.
1098 3552 1159 3622 220,
1180 3553 1221 3607 19.
1255 3555 1417 3627 Φιλίστωρῐ
1438 3553 1489 3608 190
1508 3553 1588 3608 Α13.
1609 3557 1636 3607 Β
1650 3554 1687 3607 13.

460 3640 487 3689 Γ
499 3636 539 3692 14.
554 3667 588 3676 -
607 3642 636 3689 In
654 3657 703 3690 uno
722 3641 822 3706 quidem
842 3643 912 3691 titulo
930 3639 989 3711 Έφ.
1004 3638 1127 3711 ἄρχαιολ.
1147 3661 1171 3695 n.
1184 3642 1256 3696 4104
1275 3645 1363 3693 eodem
1383 3645 1423 3693 die
1442 3661 1497 3693 cum
1517 3645 1620 3708 ephebis
1640 3660 1693 3694 cos-

459 3733 525 3776 meta
550 3745 669 3778 coronam
694 3731 801 3794 accipit:
829 3737 854 3780 at
878 3732 915 3780 ibi
933 3722 956 3784 4.
977 3729 1011 3784 89
1037 3728 1181 3794 ἐποιήσατο
1195 3771 1304 3783 ......
1325 3728 1418 3785 αὐτῶν
1442 3731 1500 3785 καὶ
1525 3717 1590 3784 τὸνΔ
1613 3729 1694 3785 oino-

459 3812 632 3886 λογισμὸν
651 3814 688 3869 ἐν
706 3817 746 3889 τῇ
765 3818 868 3892 βουλῇ
886 3814 954 3892 ὑπὲρ
973 3819 1030 3872 τῶν
1049 3818 1129 3887 κατ[ἁ
1149 3817 1199 3884 τὴν
1218 3817 1307 3894 ἀρχήν
1326 3823 1385 3870 satis
1404 3823 1514 3870 indicant
1533 3837 1588 3870 eum
1601 3823 1695 3871 honore

459 3905 527 3955 affici
548 3911 605 3955 ante
623 3908 730 3956 rationes
750 3909 775 3956 in
793 3909 886 3958 iudicio
906 3910 952 3958 rite
970 3910 1079 3958 redditas
1105 3909 1165 3976 (vid.
1185 3927 1209 3963 n.
1227 3908 1297 3962 4097
1315 3927 1339 3959 ν.
1358 3910 1400 3963 41.
1430 3907 1500 3962 4098
1519 3927 1542 3962 ν.
1563 3907 1605 3963 87.
1626 3909 1694 3963 4107

459 4011 483 4045 ν.
503 3993 551 4051 61;
584 3995 614 4045 cf.
640 3995 699 4044 CIG
723 3997 735 4044 I
762 3994 826 4064 108,
854 3994 895 4049 18.
920 3997 966 4049 καὶ
991 3995 1053 4070 περὶ
1078 3994 1182 4051 τούτων
1206 3995 1320 4052 πάντων
1350 3994 1629 4068 ἄπολελόγισται
1658 3998 1695 4068 τῇ

460 4083 566 4152 βουλῇ
596 4083 655 4136 καὶ
686 4081 864 4157 τῷδήμῳ,
896 4086 1023 4140 δέδωκε
1051 4086 1168 4140 δὲκαὶ
1194 4084 1455 4152 adscititium).
1493 4089 1523 4136 ln
1547 4087 1694 4152 populiscito

459 4189 484 4224 n.
498 4171 568 4225 4107
587 4189 653 4222 nona
665 4174 765 4224 demum
777 4177 899 4241 prytania,
919 4182 987 4226 sexto
1001 4193 1092 4239 mense,
1113 4179 1138 4226 in
1150 4179 1235 4242 quinto
1256 4179 1355 4228 decreto
1375 4177 1476 4229 Φιλίστ.
1491 4177 1502 4225 Ι
1516 4173 1568 4228 288
1581 4178 1694 4240 prylauia

460 4263 557 4327 quinta,
582 4262 653 4311 tertio
672 4279 756 4312 mense
774 4270 831 4328 post
857 4281 945 4314 annum
965 4267 1101 4314 studiorum
1126 4273 1237 4316 exactum
1258 4268 1421 4336 ephebosque
1446 4281 1540 4315 corona
1564 4266 1693 4313 decoratos

460 4355 584 4399 cosmetae
602 4351 689 4400 laudes
706 4357 729 4401 et
748 4361 891 4402 ornamenta
911 4354 1087 4404 decernuntur:
1115 4372 1189 4404 causa
1208 4355 1380 4404 retardationis
1399 4355 1465 4404 nulla
1490 4355 1646 4418 perspicitur.
1660 4381 1693 4390 -

461 4438 555 4487 Contra
579 4440 604 4487 in
629 4441 805 4504 antiquioribus
831 4442 966 4506 plebiscitis
991 4444 1130 4492 honorariis
1154 4445 1247 4493 tertii
1271 4444 1361 4492 saeculi
1387 4442 1566 4510 (Eustratiades
1585 4439 1692 4498 ἔκθεσις

460 4526 509 4580 τοῦ
534 4523 617 4590 iiior.
641 4525 860 4601 ε’κπαιδευτηρὶου
886 4527 970 4588 1856ς
999 4531 1155 4581 Cumanudes
1178 4527 1325 4595 Ἀθήναιον
1347 4529 1458 4589 11487;
1486 4531 1544 4581 add.
1570 4530 1691 4595 Rangabe

460 4625 514 4670 ant.
529 4617 596 4667 Hell.
610 4633 634 4668 n.
649 4615 709 4681 993)
730 4635 777 4667 una
796 4619 938 4668 laudatione
957 4636 1013 4669 cum
1033 4621 1156 4684 magistris
1176 4622 1329 4685 epheborum
1343 4620 1560 4684 comprehenditur
1573 4623 1690 4684 cosmeta,

460 4707 583 4755 rationum
608 4706 733 4756 relationis
758 4707 824 4756 nulla
848 4711 973 4758 mentione
998 4709 1080 4759 facta:
1108 4715 1133 4758 ut
1151 4710 1201 4758 hoc
1224 4725 1310 4758 munus
1329 4709 1379 4758 sere
1398 4711 1505 4773 suspicer
1529 4708 1572 4757 illo
1592 4709 1690 4772 quidem

461 4804 573 4860 tempore
591 4797 700 4848 noudum
720 4796 744 4844 in
764 4797 949 4860 magistratuum
968 4798 1124 4862 publicorum
1143 4815 1244 4847 numero
1264 4799 1344 4849 fuisse.
