3706 5876
926 561 1147 624 ..20-

421 738 624 801 heliastarum
647 739 823 802 institutum
847 759 866 800 a
887 736 1006 800 Solone
1030 737 1252 801 abiudicemus.
1298 739 1353 800 An
1374 740 1517 801 dicamus
1540 744 1655 818 postea

422 847 554 908 demum
586 844 671 907 illam
702 853 897 926 potestatem
929 846 1067 908 rationes
1099 865 1118 906 a
1150 845 1385 926 magistratibus
1414 843 1603 926 reposcendi
1633 860 1654 904 a

421 953 556 1014 comitiis
577 951 762 1014 translatam
786 971 855 1014 esse
878 952 920 1012 ad
944 952 1081 1013 iudicum
1105 951 1293 1032 collegium?
1332 951 1379 1015 At
1394 972 1472 1013 vero
1496 948 1654 1013 contraria

420 1059 526 1140 potius
555 1059 607 1120 via
636 1057 836 1121 efflorescens
866 1057 1019 1139 populare
1050 1058 1214 1139 imperium
1239 1057 1375 1120 Athenis
1405 1058 1574 1138 processit:
1616 1064 1653 1117 ut

420 1185 503 1246 quae
525 1164 654 1246 exlege
677 1164 729 1226 uni
742 1163 950 1225 heliastarum
974 1165 1088 1225 iudicio
1111 1172 1340 1246 competerent,
1363 1166 1464 1245 magis
1484 1163 1651 1244 magisque

419 1291 440 1334 a
461 1271 609 1334 contione
631 1268 740 1351 populi
763 1269 897 1331 universi
920 1279 1158 1351 usurparentur;
1183 1290 1249 1332 non
1270 1275 1306 1332 ¹ut
1324 1269 1454 1332 ecclesia
1469 1290 1560 1332 suam
1575 1288 1650 1351 pro-

419 1378 554 1440 vinciam
577 1375 716 1439 heliseae
739 1376 876 1437 cederet.

989 1535 1016 1616 s.
1041 1538 1070 1598 3.

508 1678 543 1739 In
571 1676 745 1739 rationibus
779 1675 864 1759 apud
895 1677 1012 1741 iudices
1043 1679 1214 1740 reddendis
1243 1698 1341 1760 penes
1372 1679 1484 1740 decem
1516 1677 1649 1759 logistas

419 1793 486 1846 erat
517 1792 549 1846 et
580 1784 779 1846 introducere
811 1785 1014 1865 magistratus
1047 1780 1230 1864 (εἰσαγωγὴ)
1263 1793 1296 1847 et
1322 1785 1436 1846 iudicio
1466 1785 1648 1865 praesidere

419 1882 588 1969 (ipepovta
628 1888 854 1973 δικαστηρίου)
867 1895 898 1969 ¹).
961 1889 1165 1973 Quamquam
1201 1890 1370 1952 iurisdictio
1402 1911 1512 1952 eorum
1545 1888 1647 1953 multo

417 1995 510 2059 latius
525 1997 656 2078 patebat
672 2016 768 2077 quam
786 2005 820 2058 ut
843 1998 924 2059 intra
939 1997 1024 2075 ¹lines
1041 1998 1265 2078 compendiarii
1288 1996 1367 2058 illius
1390 1997 1500 2072 iudicii,
1525 1998 1566 2058 de
1581 2016 1646 2077 quo

417 2122 517 2183 usque
541 2104 623 2165 adeo
647 2103 778 2184 egimus
802 2122 873 2165 sese
897 2104 1081 2167 contineret.
1127 2102 1180 2165 Ac
1201 2104 1339 2185 primum
1364 2104 1421 2185 ipsi
1443 2101 1578 2184 logistae
1602 2123 1646 2164 ex

417 2207 521 2271 officio
545 2210 727 2271 examinare
750 2210 993 2290 magistratuum
1017 2211 1155 2272 rationes
1178 2218 1210 2271 et
1233 2210 1355 2289 siquae
1377 2207 1557 2272 satisfacere
1579 2229 1646 2270 non

416 2315 609 2391 viderentur,
632 2314 673 2377 de
696 2316 740 2378 eis
764 2316 922 2378 actionem
949 2317 1117 2389 instruere,
1141 2317 1323 2378 instructam
1354 2315 1507 2376 iudicibus
1535 2314 1644 2376 diiudi-

416 2422 551 2484 candam
576 2422 776 2484 committere
799 2422 962 2484 debebant
974 2425 1007 2500 ²).
1053 2420 1155 2502 Atqui
1179 2421 1222 2482 ob
1246 2422 1277 2483 id
1293 2420 1396 2503 ipsum
1412 2422 1498 2502 ipsos
1513 2422 1646 2502 logistas

415 2548 518 2608 neque
556 2537 755 2591 accusatores
790 2548 885 2609 agere
923 2527 969 2590 fas
1009 2537 1077 2590 erat
1114 2548 1217 2608 neque
1256 2526 1332 2589 alios
1370 2528 1424 2608 qui
1461 2517 1645 2589 accusarent

415 2654 591 2716 apponere:
633 2636 762 2715 quando
799 2635 927 2715 quidem
965 2635 1104 2709 diversa,
1142 2635 1241 2696 immo
1281 2635 1437 2696 contraria
1467 2631 1571 2696 officia
1601 2634 1645 2696 ita

413 2750 539 2824 praeter
576 2741 731 2803 rationem
767 2751 955 2823 praeterque
987 2762 1079 2803 usum
1111 2740 1168 2802 fori
1199 2739 1298 2803 Attici
1333 2741 1641 2821 comprehenderen-

413 2849 506 2924 turss).
552 2847 636 2908 Hinc
660 2845 794 2923 lactum,
826 2857 860 2910 ut
891 2846 984 2910 oflicii
1016 2857 1121 2930 partes
1151 2856 1297 2909 accurate
1326 2848 1532 2909 limitarentur
1563 2847 1643 2907 inter

413 2954 478 3015 duo
509 2951 642 3034 collegia
672 2952 860 3034 logistarum
892 2963 924 3017 et
957 2953 1171 3034 euthynorum
1203 2955 1367 3016 denorum.
1413 2954 1561 3034 Namque
1592 2972 1640 3014 ra-

411 3058 514 3121 tiones
541 3061 658 3141 scripto
682 3061 888 3142 consignatae
912 3082 984 3123 cum
1008 3061 1050 3123 ad
1073 3060 1204 3142 logistas
1227 3060 1343 3123 relatae
1367 3068 1485 3136 essent,
1510 3058 1642 3139 euthyni

411 3165 640 3228 examinandas
662 3167 816 3248 recipere,
846 3168 1012 3230 materiam
1043 3167 1123 3228 inter
1154 3187 1189 3228 se
1220 3167 1390 3252 dispertiri,
1421 3165 1544 3248 singula
1567 3187 1640 3228 cum

410 3272 620 3334 assessoribus
643 3282 789 3336 accurate
818 3282 968 3335 excutere
992 3283 1025 3335 et
1047 3272 1098 3335 vel
1129 3273 1306 3354 approbare
1336 3272 1566 3353 subscriptione
1589 3271 1640 3333 vel

410 3379 594 3459 reprobare,
625 3379 800 3462 repertoria
824 3389 856 3442 et
879 3399 984 3442 rerum
1008 3380 1234 3442 tradendarum
1256 3379 1463 3441 instrumenta
1486 3378 1639 3453 conferre,

409 3485 557 3565 pecunias
583 3485 724 3547 residuas
756 3505 775 3547 a
807 3486 993 3566 magistratu
1023 3495 1078 3548 aut
1109 3486 1150 3548 ab
1181 3485 1254 3567 ipsis
1284 3486 1337 3566 qui
1364 3486 1544 3548 retinebant
1572 3486 1638 3547 exi-

409 3609 485 3672 gere
495 3594 528 3666 ⁴),
559 3591 695 3672 denique
718 3593 743 3653 si
773 3594 849 3674 quid
880 3601 1044 3655 notassent
1067 3593 1251 3654 denuntiare
1278 3592 1363 3673 apud
1386 3589 1517 3673 logistas
1541 3592 1638 3655 debe-

409 3696 494 3759 bant
561 3697 655 3760 Certe
698 3696 761 3759 hoc
805 3699 940 3761 dubitari
959 3755 964 3765 ,
982 3719 1047 3761 non
1090 3700 1195 3760 sinunt
1237 3697 1421 3760 Patroclidis
1466 3699 1564 3761 verba
1608 3699 1640 3759 in

409 3804 539 3866 decreto
569 3802 825 3866 celeberrimoa
850 3803 901 3868 Ol.
927 3806 1080 3885 93,4)405
1106 3804 1147 3866 ab
1171 3805 1342 3867 Andocide
1364 3813 1491 3867 servato
1517 3807 1635 3882 (l,78):

409 3900 498 3971 ὅσων
536 3902 723 3971 εὔθυναί
769 3912 886 3980 τινές
925 3908 1015 3971 εἰσι
1059 3913 1413 3990 κατεγνωσμέναι
1459 3909 1503 3970 ἐν
1546 3917 1639 3980 τοῖς

498 4085 523 4152 1)
543 4087 603 4140 Lex.
628 4086 705 4136 Bekk.
730 4087 825 4138 Anecd.
849 4103 875 4152 p.
901 4084 961 4139 310.
986 4086 1018 4140 cl.
1051 4085 1101 4143 245
1127 4103 1151 4140 v.
1176 4081 1302 4144 εὐθύνας.
1351 4087 1442 4139 Aesch.
1467 4086 1498 4149 3,
1528 4084 1570 4141 20.
1594 4085 1638 4140 23.

406 4175 483 4226 Deru.
504 4172 546 4236 18,
567 4173 618 4226 117
638 4175 671 4230 al.

496 4261 526 4326 2)
546 4263 633 4328 Neque
651 4264 717 4313 enim
737 4264 920 4313 condemnandi
940 4270 1085 4328 potestatem
1106 4264 1249 4328 logistarum
1268 4264 1400 4328 collegium
1419 4265 1522 4314 habuit:
1544 4281 1593 4329 quo
1607 4266 1639 4314 de

407 4367 538 4416 perperam
557 4352 676 4417 cogitavit
695 4352 725 4404 C.
737 4354 765 4405 F.
779 4353 907 4401 Hermann
926 4353 959 4402 de
977 4354 1028 4402 iure
1046 4359 1071 4402 et
1089 4358 1153 4404 auct.
1172 4353 1283 4416 magistr.
1301 4370 1327 4417 p.
1342 4351 1375 4404 67
1395 4369 1430 4416 sq.

495 4437 522 4504 3)
542 4441 601 4493 Vid.
620 4458 684 4506 quae
704 4443 804 4506 exposui
823 4443 848 4490 in
868 4442 968 4505 Quaest.
988 4442 1066 4493 fiscal.
1085 4443 1143 4491 iuris
1162 4448 1204 4493 att.
1223 4439 1278 4506 p.7
1297 4459 1334 4506 sq.

495 4527 522 4596 4)
543 4529 941 4596 Scn01.Plar.1eg.xl1,p.459
961 4527 1108 4604 ἒκπράσσει
1127 4528 1157 4583 δὲ
1175 4526 1189 4582 ὁ
1208 4523 1324 4588 εὔθυνος
1342 4525 1394 4583 ὅσα
1413 4527 1458 4582 ἐπὶ
1475 4529 1523 4594 τῆς
1541 4527 1638 4603 ἀρχῆς,

404 4607 422 4689 ᾗ
440 4617 652 4689 προστέτακται,
673 4607 768 4687 ὦφλον
786 4636 857 4676 τινες
875 4618 913 4678 εἷς
931 4615 961 4672 τὸ
982 4615 1124 4689 δημόσιον.
1143 4621 1197 4670 sim.
1211 4621 1297 4669 Pollux
1309 4620 1369 4669 VIII
1389 4619 1422 4672 99
1442 4637 1497 4669 cum
1516 4621 1638 4670 Boeckhii

404 4707 524 4770 supplem.
544 4707 656 4759 Staatslr.
676 4724 700 4772 p.
718 4706 769 4759 271
787 4710 812 4760 b.
849 4709 887 4760 CI.
908 4708 1003 4757 titulum
1024 4714 1142 4758 vetustum
1168 4707 1310 4761 c1G170
1330 4732 1363 4752 =
1383 4709 1441 4758 CIA
1459 4710 1470 4758 I
1491 4707 1507 4760 2
1528 4710 1638 4775 (dequo

404 4795 456 4849 vid.
474 4795 538 4844 infra
555 4811 581 4860 p.
595 4793 629 4847 30
641 4814 666 4848 n.
681 4795 717 4864 1).
