3706 5876
711 623 927 680 ,65-

207 798 362 874 rationem
396 797 552 879 Euripidis
588 798 785 879 aliorumque
820 802 919 862 modo
955 800 1123 864 invehendi
1152 805 1181 864 in
1210 808 1431 873 adversarios?

207 904 274 965 Sed
296 925 372 965 sane
395 924 457 965 una
479 913 577 966 restat
600 903 766 966 difficultas
790 907 819 967 in
837 903 922 966 αλλὰ
940 903 984 988 ,uri
1008 911 1174 990 particulis
1196 934 1278 994 quae
1301 925 1430 997 cogunt,

207 1020 241 1072 ut
263 1012 353 1092 quod
378 1011 549 1092 opponitur
572 1013 613 1072 de
636 1013 793 1093 priorum,
817 1035 880 1074 non
904 1017 944 1076 de
968 1018 1178 1097 posteriorum
1204 1024 1431 1084 consuetudine

208 1117 406 1198 accipiamus.
444 1116 493 1179 At
516 1118 579 1179 hoc
602 1120 841 1180 incommodum
867 1123 1022 1184 lenissima
1043 1125 1229 1199 coniectura,
1253 1126 1304 1188 vel
1327 1131 1432 1209 potius

208 1232 402 1298 correctura,
434 1225 620 1285 evitabimus
645 1245 702 1304 pro
728 1220 820 1285 ιίλλά
850 1223 895 1306 μή
920 1230 1093 1291 scribentes
1117 1224 1190 1290 ἄλλ’
1217 1227 1255 1293 οἶν
1283 1230 1365 1315 priv,
1398 1245 1432 1297 ut

207 1331 246 1392 sit
263 1333 437 1393 sententia:
465 1333 521 1390 καί
539 1325 642 1400 αὐτὸς
661 1319 735 1415 ἦρξε
751 1334 810 1393 τοῦ
829 1331 943 1414 δρᾶμα
959 1331 1045 1417 πρὸς
1063 1334 1178 1419 δρᾶμα
1196 1332 1431 1417 ἀγωνίζεσθαι,

209 1432 282 1496 ἀλλ’
309 1430 347 1498 οὐ
375 1433 441 1517 μὴν
470 1434 794 1522 στρατολογεῖσίίαι,
823 1436 923 1523 ‘apud
953 1443 1088 1505 eundem
1111 1446 1247 1526 primum
1279 1448 1433 1510 invenitur

189 1597 191 1600 .
208 1543 347 1605 fabulam
364 1547 578 1626 (argumento)
599 1547 758 1608 adversari
781 1545 914 1621 fabulae,
935 1567 994 1609 nec
1009 1569 1085 1611 vero
1101 1549 1285 1632 belligerare
1302 1553 1432 1636 (jedoclz

210 1655 287 1710 οίιιιε
309 1647 485 1727 Polemikl'.
537 1650 622 1714 Talis
653 1654 807 1714 sententia
838 1663 1034 1735 quantopere
1065 1659 1232 1720 conveniat
1262 1661 1321 1734 εἰς,
1351 1682 1433 1742 quae

212 1759 278 1819 aliis
302 1757 379 1820 locis
394 1759 586 1820 adnotarunt
609 1760 814 1838 grammatici,
838 1780 933 1840 supra
948 1763 1089 1841 exposui.
1129 1762 1164 1824 In
1180 1763 1293 1845 quibus
1309 1776 1434 1847 praeter

212 1864 353 1945 Lycurgi
375 1863 587 1944 fragmentum
613 1866 736 1945 saepius
760 1877 1045 1954 commemoratum
1062 1862 1139 1938 τοὺς
1156 1868 1286 1953 ἑτέρους
1309 1894 1434 1956 τραγῳ-

211 1965 288 2042 δοί-ς
322 1966 517 2048 ἀγωνιεῖται
548 1971 598 2032 vel
627 1973 767 2034 maxime
791 1971 926 2033 Pollucis
957 1973 1051 2034 velim
1075 1977 1173 2036 verba
1203 1979 1346 2059 respicias
1377 1981 1434 2038 καὶ

213 2073 385 2157 Σοφοκλῆς
410 2075 445 2136 δὲ
476 2069 556 2138 αὐτὸ
579 2075 615 2136 ἐκ
645 2079 702 2157 τῆς
732 2073 819 2162 πρὸς
851 2076 979 2139 ἐκεῖνον
1004 2074 1145 2161 ἁμίλλης
1169 2091 1264 2144 ποιεῖ
1288 2084 1434 2146 σπανιά-

212 2206 279 2260 κις,
311 2185 364 2246 ubi
387 2183 475 2246 salva
496 2187 651 2247 sententia
675 2187 778 2247 dicere
801 2187 905 2267 potuit
928 2181 1014 2270 πρὸς
1038 2186 1166 2249 ἐκεῖνον
1191 2185 1435 2270 ἀγωνιζόμενος

212 2297 308 2352 ποιεῖ
321 2285 514 2360 σπανιάκις.
538 2292 683 2373 Denique
700 2293 793 2355 etiam
810 2292 852 2354 de
867 2291 929 2354 hoc
945 2293 1076 2373 cogitari
1092 2297 1216 2375 poterit,
1234 2298 1332 2359 verba
1349 2293 1432 2357 ἀλλί

211 2393 255 2478 μὴ
268 2393 574 2481 στρατολογεῖσίίαι
586 2389 664 2460 ¹num
682 2397 762 2460 sorte
778 2398 819 2460 ab
828 2398 1053 2479 interpolatore
1071 2401 1179 2462 addita
1195 2402 1264 2476 sint,
1280 2405 1331 2483 qui
1348 2406 1435 2484 quod

170 2541 176 2549 ·
213 2505 373 2586 praeeedit
397 2503 542 2566 iudicium
565 2506 705 2585 quodam
729 2506 829 2567 modo
853 2507 1047 2567 restricturus
1078 2527 1189 2588 parum
1213 2517 1287 2589 apte
1310 2519 1434 2570 senten-

212 2613 287 2674 tiam
311 2612 520 2693 expresserit;
548 2620 582 2672 ut
601 2613 644 2672 ita
660 2609 776 2674 Suidae
799 2611 887 2672 locus
911 2613 1147 2673 constituendus
1171 2614 1228 2676 sit:
1256 2614 1311 2674 καί
1336 2607 1436 2685 αὐτὸς

211 2706 288 2800 ἦρξε
318 2718 377 2777 τοῦ
410 2715 523 2800 δρᾶμα
555 2712 640 2800 πρὸς
661 2698 663 2703 ,
681 2715 797 2799 δρᾶμα
830 2709 1056 2795 ἀγωνίζεσθαι
1094 2714 1195 2802 [ἄλλα
1223 2716 1268 2800 μὴ
1298 2736 1437 2803 στρατο-

213 2820 416 2908 λογεῖσιίαι],
439 2823 496 2884 καί
517 2822 663 2908 ἔγραψεν
681 2821 829 2901 ἐλεγείαν
845 2846 880 2884 τε
898 2824 954 2884 καί
970 2826 1123 2894 παιᾶνας
1139 2827 1196 2885 καὶ
1213 2821 1311 2903 λόγον
1335 2849 1436 2886 κατα-

213 2927 358 3012 λογάδην
381 2932 460 3012 περί
483 2932 542 2990 τοῦ
564 2931 665 3012 χοροῦ
681 2924 767 3012 πρὸς
784 2933 910 2990 θέσπιν
934 2932 991 2989 καί
1009 2926 1171 3011 Χοιρίλον
1187 2924 1436 3011 ἀγωνιζόμενος.

303 3038 401 3120 Quod
431 3039 456 3098 si
487 3037 536 3100 cui
566 3037 670 3100 adhuc
701 3037 863 3117 scrupulus
888 3045 985 3098 restat
1017 3036 1140 3099 dehac
1171 3039 1437 3119 interpretatione,

213 3147 245 3207 id
269 3167 366 3207 unum
390 3165 441 3206 me
465 3145 539 3206 satis
555 3129 783 3225 erimprobasse
799 3141 926 3204 confido
950 3142 1067 3204 nullam
1092 3145 1221 3205 omnino
1245 3165 1317 3205 cum
1341 3154 1436 3207 tetra-

215 3252 299 3333 logia
314 3252 469 3314 rationem
484 3250 603 3312 habere
619 3251 702 3312 hunc
718 3248 835 3311 Suidae
854 3247 968 3324 locum,
992 3249 1140 3330 quoniam
1156 3245 1439 3333 τετραλογεῖσθαι

215 3358 265 3420 vel
287 3354 508 3442 τετραλογίαν
531 3358 684 3437 scriptura
708 3356 793 3417 nullo
817 3357 880 3417 iure
904 3356 934 3416 in
950 3355 1121 3417 verborum
1144 3365 1333 3419 contextum
1357 3357 1440 3419 illata

215 3466 262 3526 sit.
309 3464 417 3546 Quare
448 3472 502 3526 aut
533 3484 605 3525 mea
628 3463 795 3544 probanda
824 3462 881 3523 erit
913 3460 1082 3543 explicatio
1113 3471 1167 3523 aut
1193 3461 1281 3524 locus
1311 3484 1440 3544 prorsus

215 3572 479 3652 derelinquendus
509 3581 660 3652 tanquam
692 3567 926 3650 inexplicabilis
977 3566 1041 3648 Qui
1072 3578 1269 3649 quantopere
1297 3589 1366 3643 eae,
1399 3571 1440 3632 ad

215 3699 294 3759 quas
318 3678 445 3740 minime
468 3678 619 3759 pertinet,
651 3675 852 3756 quaestiones
883 3675 925 3736 de
948 3672 1116 3755 Sophoclis
1147 3676 1176 3736 in
1207 3673 1320 3735 fabulis
1351 3695 1439 3737 com-

216 3785 371 3865 ponendis
403 3792 471 3846 arte
500 3782 731 3867 perturbaverit
761 3791 794 3844 et
824 3781 1037 3863 impediverit,
1079 3781 1150 3842 Tibi
1181 3801 1245 3842 non
1276 3789 1324 3842 est
1353 3781 1441 3861 quod

217 3911 386 3974 exponam.
1110 3895 1113 3902 ’

305 3998 417 4079 Atque
447 3996 526 4060 haec
556 3999 685 4078 quidem
716 3995 875 4057 hactenus.
929 3994 980 4056 Tu
1010 3993 1117 4076 igitur,
1152 4003 1244 4074 pater
1276 3993 1441 4066 carissime,

217 4103 280 4166 hoc
317 4098 494 4184 ἀγώνισμα
533 4124 655 4177 meum,
694 4103 782 4183 quod
818 4101 923 4163 nesc³o
960 4119 1000 4161 an
1031 4099 1163 4161 aliorum
1199 4094 1443 4182 στρατολογίαν

219 4212 429 4274 excitaturum
453 4211 507 4285 sit,
538 4231 601 4292 qua
631 4207 714 4270 soles
738 4209 844 4288 accipe
871 4204 1083 4268 benivolentia
1109 4206 1205 4286 idque
1236 4225 1332 4266 unum
1361 4225 1444 4279 cura,

221 4326 255 4379 ut
281 4317 330 4379 Te
361 4316 452 4378 nobis
482 4314 605 4378 salvum
636 4312 890 4394 incolumemque
922 4331 1103 4385 conserveS,
1136 4312 1240 4372 donec
1270 4311 1444 4392 pleniorem

221 4423 332 4504 Teque
363 4423 538 4503 digniorem
567 4421 619 4483 filii
649 4439 781 4502 operam
812 4419 953 4500 accipere
977 4417 1094 4498 possis:
1125 4418 1214 4498 quod
1242 4417 1267 4477 si
1298 4415 1445 4490 effeceris,

221 4551 284 4592 non
309 4529 420 4592 dubito
444 4529 518 4610 quin
541 4529 632 4590 nobis
657 4528 709 4589 diu
733 4526 828 4588 etiam
845 4525 985 4605 gaudere
1009 4523 1099 4584 liceat
1123 4522 1209 4583 suavi
1225 4521 1295 4584 Tua
1315 4541 1444 4584 venera-

221 4635 336 4718 bilique
359 4644 531 4698 senectute.
