3706 5876
928 557 1150 618 ..34ss

431 735 537 818 Quem
559 754 676 797 annum
696 754 768 796 cum
784 753 867 796 nunc
890 734 1019 815 quidem
1036 741 1124 795 certo
1148 738 1273 794 constet
1289 728 1382 792 fuisse
1399 728 1450 792 Ol.
1467 732 1517 805 81,
1543 729 1664 811 3f454,

429 843 527 905 fidem
543 843 663 904 addere
675 839 716 902 illi
729 839 867 921 opinioni
883 840 1049 902 videbatur
1065 837 1197 920 Sauppii
1220 857 1322 916 sagax
1338 857 1413 899 sane
1436 838 1631 899 ratiocinatio
1647 863 1658 898 ι

430 950 483 1029 qui
506 949 621 1011 eodem
645 945 699 1008 illo
722 967 806 1008 anno
830 945 1012 1009 thesaurum
1036 947 1195 1008 sociorum
1218 943 1302 1006 Delo
1325 943 1472 1006 Athenas
1495 952 1660 1024 transpor-

429 1065 532 1118 tatum
548 1075 618 1116 esse
626 1054 874 1127 demonstravit;
893 1055 967 1115 inde
984 1063 1090 1115 autem
1107 1052 1225 1114 factum
1241 1050 1376 1132 collegit,
1393 1059 1427 1112 ut
1443 1071 1561 1112 novum
1573 1049 1660 1131 logi-

430 1171 550 1224 starum
567 1160 733 1240 collegium
750 1161 998 1222 constitueretur.
1013 1163 1033 1236 ¹)
1063 1159 1220 1221 Nimirum
1241 1160 1284 1220 ita
1306 1178 1454 1220 numerus
1470 1157 1661 1238 logistarum

430 1279 540 1332 auctus
563 1275 694 1349 propter
717 1265 807 1346 plura
823 1267 952 1346 negotia
975 1267 1174 1346 suscipienda
1197 1287 1251 1327 cur
1273 1274 1387 1347 postea
1409 1265 1591 1325 imminutus
1616 1264 1662 1324 sit
1685 1307 1687 1310 -

433 1383 507 1457 post
532 1373 690 1434 sociorum
714 1370 889 1446 defectum,
920 1371 1036 1434 facilius
1068 1371 1218 1453 explicari
1242 1373 1375 1434 videtur.
1421 1371 1541 1432 Vemm
1573 1370 1662 1431 hanc

431 1481 619 1543 sententiam
650 1479 703 1560 qui
726 1499 826 1559 nuper
858 1479 1033 1541 universam
1057 1479 1247 1541 tributorum
1281 1479 1434 1541 rationem
1458 1476 1663 1555 foederisque

432 1585 550 1648 Deliaci
565 1585 725 1647 historiam
744 1584 915 1647 luculenter
935 1595 1118 1666 persecutus
1142 1596 1190 1647 est
1207 1584 1331 1648 Ulricus
1344 1583 1486 1647 Koehler
1507 1582 1660 1664 gravibus

433 1692 626 1774 argumentis
640 1691 836 1772 impugnavit
851 1691 895 1752 ita
909 1691 1046 1772 quidem,
1073 1701 1107 1755 ut
1131 1712 1195 1754 non
1211 1692 1284 1754 inde
1300 1691 1340 1753 ab
1357 1711 1398 1752 eo
1413 1701 1567 1771 tempore,
1590 1708 1659 1768 quo

432 1801 594 1861 conditum
619 1807 702 1858 esset
725 1797 909 1878 collegium,
932 1799 990 1859 sed
1013 1818 1077 1878 quo
1103 1818 1210 1860 curam
1239 1799 1460 1878 sexagesimae
1483 1817 1589 1858 sacrae
1614 1815 1659 1856 ex

432 1905 554 1968 tributis
563 1905 797 1986 computandae
812 1905 999 1985 suscepisset
1014 1904 1163 1966 thesauro
1171 1903 1318 1966 Athenas
1326 1904 1487 1979 translat0‚
1501 1902 1661 1964 numerari

432 2012 558 2092 triginta
573 2012 672 2071 virum
689 2031 789 2072 annos
813 2013 1003 2073 ostenderet.
1015 2015 1038 2089 ²)
1071 2011 1184 2092 Neque
1200 2013 1283 2073 enim
1300 2012 1352 2091 qui
1370 2010 1531 2073 Boeckhio
1555 2007 1657 2069 offen-

433 2119 527 2179 sionis
543 2137 669 2178 causam
686 2116 838 2198 praebuit,
862 2126 896 2178 ut
919 2118 992 2179 inde
1007 2117 1206 2199 potissimum
1224 2120 1264 2179 de
1286 2117 1422 2198 collegio
1438 2137 1546 2178 recens
1562 2123 1661 2194 atque

434 2226 475 2286 ad
506 2233 631 2304 tempus
660 2223 830 2284 constituto
859 2225 1029 2304 cogitaret,
1068 2225 1192 2285 dicendi
1229 2226 1345 2286 modus
1377 2220 1410 2284 οί
1441 2220 1592 2303 λογισταί
1626 2218 1660 2280 oi

434 2324 618 2413 τριάκοντα
643 2325 761 2411 οἵπερ
785 2317 871 2402 νῦν,
901 2329 931 2390 in
955 2349 994 2390 eo
1018 2339 1066 2391 est
1089 2332 1177 2411 quod
1201 2330 1341 2393 haereas.
1386 2329 1451 2394 Ubi
1476 2325 1575 2411 οἵπερ
1598 2329 1661 2387 νῦν

361 2501 364 2507 ,
435 2458 500 2498 non
524 2456 595 2497 cum
620 2435 673 2497 illo
697 2437 884 2496 vertendum
903 2429 968 2517 ‘qui
991 2435 1087 2498 hodie
1111 2431 1243 2512 extant',
1276 2437 1331 2499 sed
1351 2429 1416 2517 tqui
1443 2457 1526 2497 nunc
1555 2436 1661 2516 ipsum

438 2563 477 2604 eo
501 2562 632 2604 munere
655 2535 845 2621 funguntur',
876 2543 992 2623 pariter
1022 2552 1118 2622 atque
1141 2545 1171 2603 in
1195 2544 1239 2605 eis
1270 2563 1352 2624 quae
1376 2545 1406 2604 in
1429 2544 1545 2604 eodem
1569 2539 1662 2602 titulo

436 2658 625 2730 sequuntur:
655 2643 761 2732 Ιπαρὰ
792 2645 827 2707 δὲ
857 2649 925 2707 τῶν
955 2649 1015 2708 νῦν
1045 2651 1177 2728 ταμιῶν
1207 2651 1264 2709 καί
1294 2651 1362 2709 τῶν
1386 2647 1577 2708 ἐπιστατῶν
1605 2647 1662 2706 καὶ

436 2757 503 2816 τῶν
527 2751 711 2838 ἱεροποιῶν
733 2754 799 2813 τῶν
824 2751 859 2812 ίν
876 2760 948 2823 τοῖς
978 2751 1081 2837 ἱεροῖς
1106 2755 1145 2814 οἳ
1166 2757 1235 2814 νῦν
1260 2753 1600 2839 διαχειρίζονίσιίν
1627 2790 1660 2797 -

436 2861 562 2944 qualem
588 2862 750 2922 notionem
783 2859 834 2920 illo
863 2881 990 2941 quoque
1013 2859 1083 2922 loco
1107 2860 1186 2922 facili
1209 2865 1341 2944 negotio
1373 2860 1528 2943 suppleas.
1575 2860 1661 2922 Nam

437 2967 595 3030 vocabulo
619 2966 706 3048 quod
730 2978 779 3028 est
811 2968 871 3026 νῦν
890 2967 924 3050 in
948 2966 1001 3028 tali
1030 2967 1180 3047 loquendi
1208 2990 1264 3030 usu
1289 2988 1352 3029 non
1376 2968 1547 3050 praeterito
1569 2987 1660 3048 prae-

439 3095 512 3135 sens
536 3082 662 3154 tempus
686 3075 865 3154 opponitur,
888 3075 946 3134 sed
969 3071 1081 3147 sutur0,
1105 3095 1160 3136 seu
1184 3076 1289 3156 potius
1313 3084 1434 3136 certum
1457 3075 1596 3134 incerto:
1626 3084 1662 3134 ut

438 3178 470 3240 οί
498 3180 558 3239 νῦν
589 3179 727 3256 ταμίαι,
760 3175 792 3239 ol
816 3179 875 3238 νῦν
899 3174 1058 3260 ἄρχοντες
1086 3182 1303 3260 respondeant
1334 3187 1406 3249 τοῖς
1430 3175 1486 3239 ἀεὶ
1510 3181 1661 3258 ταμίαις,

436 3293 508 3355 τοῖς
533 3280 590 3345 ἀεὶ
615 3278 786 3368 ι’ίρχοοοιικ
835 3284 974 3348 Omnino
1003 3296 1108 3348 autem
1137 3308 1357 3368 quaecumque
1379 3289 1420 3348 ad
1451 3286 1533 3347 hanc
1561 3287 1661 3365 magi-

438 3402 592 3455 stratuum
622 3391 861 3472 probandorum
893 3394 1113 3472 rationumque
1145 3393 1379 3456 reserendarum
1411 3413 1538 3454 causam
1566 3394 1661 3473 perti-

438 3507 526 3573 nent,
550 3499 725 3559 vetustioris
756 3500 867 3560 aetatis
897 3499 983 3560 haud
1014 3520 1130 3580 paucas
1162 3509 1255 3562 notas
1285 3521 1361 3582 prae
1392 3521 1426 3560 se
1458 3497 1538 3560 ferre
1566 3518 1663 3580 supra

438 3604 616 3686 significavi.
669 3602 780 3684 Atque
807 3606 962 3667 eiusmodi
993 3606 1147 3686 praesidia
1175 3606 1278 3688 qualia
1310 3615 1382 3668 sunt
1415 3605 1598 3684 δοκιμασία
1630 3614 1663 3665 et

438 3706 584 3774 είίθνναι
606 3720 675 3772 tum
706 3711 847 3772 maxime
874 3715 967 3774 statui
997 3722 1157 3794 parerat,
1189 3733 1231 3774 ex
1254 3734 1319 3794 quo
1348 3713 1551 3794 magistratus
1575 3721 1663 3772 sorte

439 3819 536 3881 creari
567 3817 671 3899 coepti
701 3826 792 3879 sunt:
834 3827 868 3878 ut
900 3818 1066 3881 Clisthenis
1097 3820 1234 3901 tempori
1262 3821 1376 3881 rectius
1407 3839 1502 3900 quam
1535 3817 1661 3879 Periclis

438 3925 624 4006 logistarum
648 3922 816 4004 collegium
831 3924 1006 3986 institutum
1030 3925 1212 4006 tribuamus.
1243 3926 1347 3987 Immo
1371 3947 1412 3986 ex
1437 3927 1506 4005 ipso
1529 3944 1664 3986 numero

440 4032 549 4094 addito
568 4029 599 4092 οί
615 4024 797 4112 τριάκοντα
814 4031 995 4111 antiquioris
1011 4033 1136 4110 originis
1158 4033 1305 4094 indicium
1323 4031 1502 4093 Koehlerus
1518 4032 1664 4111 agnoscit

440 4146 627 4219 comparato
651 4136 800 4218 exemplo
825 4137 1010 4219 ephetarum
1028 4139 1229 4200 vetustissimi
1246 4159 1321 4200 sane
1337 4137 1468 4220 collegii.
1479 4140 1503 4221 3)
1540 4135 1662 4218 Quam-

440 4263 536 4326 quam
546 4245 604 4306 ista
614 4244 734 4305 ratione
742 4245 887 4324 pristinus
895 4265 1045 4306 numerus
1053 4265 1107 4306 cur
1122 4247 1299 4326 postmodo
1315 4245 1497 4306 imminutus
1513 4246 1552 4306 sit
1568 4245 1664 4324 idque

512 4437 538 4503 1)
559 4439 614 4488 Aet.
633 4454 684 4491 soc,
705 4438 830 4502 Goetting.
851 4455 873 4490 a.
894 4436 962 4491 1865
983 4457 1006 4503 p.
1028 4438 1044 4490 5
1063 4445 1111 4494 etc.
1171 4445 1173 4450 '

512 4527 539 4594 2)
559 4527 669 4576 Koehler
686 4545 733 4576 zur
746 4528 831 4583 Gesch,
850 4529 892 4576 des
910 4529 1145 4577 delisclz-attischen
1159 4528 1263 4576 Bundes
1282 4529 1306 4576 in
1326 4529 1424 4578 Comm.
1438 4528 1517 4578 Acad.
1539 4527 1619 4580 Berol,
1639 4543 1664 4582 a,

443 4613 510 4669 1869
529 4633 553 4680 p.
574 4612 634 4667 107.

512 4702 537 4767 3)
558 4701 583 4754 οἱ
601 4700 768 4767 πεντήκοντα
788 4704 833 4756 καὶ
853 4696 891 4761 εἷς
910 4704 936 4757 οἱ
954 4702 1050 4774 ἐφέται
1069 4707 1140 4756 inscr.
1155 4706 1238 4755 Attica
1251 4722 1266 4754 a
1279 4706 1405 4754 Koehlero
1423 4706 1489 4754 edita
1503 4706 1621 4768 (Hermes
1639 4707 1665 4754 ΙΙ

441 4790 474 4844 29
494 4791 541 4856 sq.)
555 4814 587 4834 =
602 4791 661 4840 CIA
679 4793 691 4840 l
710 4790 752 4844 61.
