3706 5876
917 567 1136 628 ...58-

418 745 597 828 Euripides,
633 745 725 808 aliam
756 745 870 807 diversi
900 735 1092 827 scriptores'.
1146 745 1258 827 Neque
1288 745 1363 808 illud
1397 745 1505 828 sugere
1535 748 1640 830 potuit

417 855 641 936 grammaticos
671 874 767 936 saepe
795 852 854 915 hac
885 853 1006 916 ratione
1036 873 1092 916 seu
1115 853 1209 914 tacite
1232 873 1287 915 seu
1315 854 1430 916 diserte
1454 849 1639 936 impugnari,

417 963 469 1043 qui
493 970 586 1023 antea
608 962 692 1024 idem
716 970 939 1043 argumentum
963 969 1182 1024 tractaverant.
1227 959 1280 1024 Ac
1312 962 1352 1024 de
1376 960 1539 1042 Aeschylo
1563 961 1639 1024 nihil

418 1071 482 1132 eius
506 1070 594 1132 modi
616 1071 824 1143 adnotarunt,
856 1077 968 1150 utpote
991 1088 1010 1129 a
1033 1089 1097 1149 quo
1122 1076 1244 1130 ceteros
1273 1069 1452 1151 dependere
1482 1078 1640 1151 putarent,

417 1198 489 1239 curn
513 1177 538 1238 is
560 1177 680 1258 primus
702 1185 889 1256 argumenta
911 1174 1012 1258 probe
1037 1174 1233 1257 disponenda
1262 1177 1496 1260 enarrandaque
1519 1197 1639 1258 propo-

416 1284 536 1347 suisset.
575 1284 658 1346 Nam
683 1284 769 1364 quod
793 1303 889 1344 unum
906 1283 968 1344 huc
986 1281 1142 1363 quadrare
1159 1279 1261 1363 aliqua
1278 1283 1397 1344 ratione
1420 1282 1515 1344 videri
1538 1285 1640 1364 possit

418 1392 582 1454 Persarum
600 1389 792 1472 exemplum,
814 1391 845 1451 in
868 1410 908 1452 eo
931 1397 1054 1451 tantum
1078 1387 1196 1464 aberat,
1220 1398 1254 1451 ut
1270 1388 1435 1470 Phrynichi
1452 1390 1640 1452 Phoenissas

417 1499 559 1581 quodam
583 1499 681 1560 modo
705 1497 881 1579 impugnari
904 1505 1079 1570 sumerent,
1104 1504 1138 1557 ut
1161 1496 1267 1577 potius
1290 1495 1368 1558 illius
1391 1497 1522 1578 vestigia
1545 1517 1637 1560 accu-

417 1615 485 1669 rate
501 1603 697 1685 Aeschylum
722 1604 914 1686 expressisse
932 1601 1041 1665 Glauci
1064 1610 1148 1664 esset
1171 1602 1283 1683 opinio
1332 1601 1397 1665 Sed
1421 1605 1461 1665 de
1477 1602 1640 1684 Sophocle

417 1713 528 1795 primo*
541 1711 696 1774 habemus
719 1732 800 1792 quae
822 1712 853 1772 in
876 1710 957 1772 hanc
980 1730 1047 1771 rem
1070 1708 1184 1772 saciant
1206 1709 1332 1784 scholia,
1356 1710 1505 1772 velutad
1532 1711 1642 1774 Aiacis

417 1841 542 1882 versum
570 1823 648 1885 787:
682 1814 787 1902 πρὸς
810 1813 847 1879 τὸ
873 1811 1062 1902 Εὐριπίδου
1092 1815 1129 1876 έν
1152 1819 1277 1891 Δίκτυι,
1302 1826 1334 1879 et
1363 1819 1443 1882 833:
1470 1817 1578 1899 ,φησίν
1603 1816 1641 1878 δὲ
1669 1871 1674 1878 .

419 1927 498 2010 περὶ
523 1921 626 1988 αὐτοῦ
652 1921 815 2004 Αἰσχύλος
837 1918 888 1986 ὅτι
911 1925 969 1985 καὶ
991 1918 1029 1985 τὸ
1054 1924 1151 2002 ξίφος
1176 1919 1376 2004 ἐκάμπτετο,
1401 1917 1529 2014 οάδαμῇ
1554 1923 1641 1984 ένδι-

419 2028 538 2103 δόντος
560 2035 620 2095 τοῦ
649 2028 775 2117 χρωτὸς
798 2027 836 2122 τῇ
861 2033 983 2121 σφαγῇ·
1009 2027 1120 2102 ζτόξον
1144 2024 1188 2101 ὥς
1210 2052 1260 2100 τις
1284 2027 1463 2106 ἐντείνων),
1496 2033 1576 2115 πρίν
1600 2027 1641 2112 δὴ

417 2161 478 2216 τις,
504 2144 603 2222 φησί,
628 2142 788 2224 παροῦσα
814 2138 944 2219 δαίμων
967 2137 1091 2210 ’έδειξεν
1115 2133 1203 2219 αὐτῷ
1228 2133 1314 2199 κατὰ
1340 2145 1442 2200 ποῖον
1465 2141 1563 2222 μέρος
1588 2137 1642 2199 δεῖ

417 2243 611 2331 χρήσασθαι
634 2249 673 2337 τῇ
698 2248 827 2337 σφαγῇ·
861 2241 947 2308 ὁδὲ
974 2242 1213 2326 Σοφοκλῆς,
1238 2244 1476 2330 έριθεῦσαι
1499 2249 1576 2324 μέν
1599 2239 1652 2306 τι

419 2349 470 2424 ὦς
494 2357 778 2437 πρεσβυτέρῳ
803 2348 856 2434 μὴ
880 2350 1142 2434 βουληθείς,
1167 2347 1205 2414 οὐ
1228 2347 1295 2434 μὴν
1317 2349 1531 2437 παραλιπεῖν
1554 2348 1638 2414 αὐτὸ

420 2457 616 2542 δοκιμάζων,
648 2457 757 2547 ψιλῶς
782 2477 873 2542 φησι·
896 2454 1063 2543 επλευράν
1083 2455 1318 2544 ἀναρρήξαντα
1341 2458 1425 2540 τῷδε
1450 2453 1640 2542 φασγάνρι’,

418 2564 504 2630 κατά
521 2571 553 2630 τί
574 2563 634 2649 τὴν
654 2562 807 2652 πλευράν
826 2563 870 2649 μὴ
895 2562 1011 2628 εἰπών.
1051 2566 1116 2630 Sed
1133 2567 1232 2630 multo
1256 2566 1440 2630 luculentius
1457 2567 1639 2650 exemplum
1673 2619 1676 2624 .

409 2659 550 2759 ¹Didymi
573 2676 716 2739 scholion
739 2677 870 2758 praebet
894 2677 935 2738 ad
963 2676 1104 2737 eiusdem
1128 2673 1252 2737 fabulae
1275 2695 1398 2737 versum
1424 2677 1506 2737 813:
1540 2669 1639 2754 μετά-

419 2805 526 2847 κειται
550 2779 568 2866 ἡ
593 2779 692 2865 σκηνὴ
718 2777 772 2843 ἐπ’
808 2778 930 2866 έρίγμου
961 2776 1051 2850 τινὸς
1080 2783 1222 2866 χωρίου,
1253 2779 1342 2842 ἐ’νθα
1373 2776 1389 2841 ὁ
1417 2778 1503 2852 Αίας
1531 2775 1640 2866 εὐτρε-

418 2894 523 2962 πίσας
546 2886 583 2953 τὸ
609 2890 706 2969 ξίφος
730 2887 824 2973 ῥῆσίν
847 2911 924 2951 τινα
947 2884 1014 2973 πρὸ
1038 2891 1098 2950 τοῦ
1122 2885 1278 2950 θανάτου
1302 2892 1529 2973 προφέρεται,
1564 2889 1641 2951 ἐπεὶ

419 2995 551 3079 γελοῖον
574 2987 613 3078 ἦν
640 2991 755 3076 κωφὸν
778 2992 981 3058 είσελθόντα
1005 3002 1206 3080 περιπεσεῖν
1229 2998 1273 3078 τῷ
1299 2996 1406 3076 ξίφει.
1441 2994 1512 3059 έστι
1537 2995 1573 3057 δὲ
1595 2992 1639 3058 τά

418 3099 680 3190 τοιαῦταπαρά
708 3109 780 3174 τοῖς
811 3100 973 3173 παλαιοῖς
994 3098 1143 3164 σπάνια.
1174 3098 1322 3164 εἰώθασι
1345 3099 1408 3188 γάρ
1431 3099 1473 3164 τά
1498 3105 1641 3164 τοιαῦτα

420 3208 464 3274 δι’
485 3207 649 3291 ἀγγέλλων
665 3206 896 3289 ἀπαγγέλλειν.
912 3213 945 3271 τί
962 3198 1021 3272 οὗν
1036 3205 1073 3272 τὰ
1093 3209 1224 3285 alutem
1241 3207 1407 3290 φθάνει
1425 3206 1557 3288 Αίσχύ
1568 3207 1640 3280 λος

420 3319 462 3380 έν
497 3314 714 3408 θρῄσσαις
752 3313 825 3399 τὴν
862 3313 1102 3402 ἀναίρεσιν
1133 3316 1324 3389 Αἴαντος
1362 3313 1415 3378 δι’
1457 3313 1641 3397 ἀγγέλου

420 3422 711 3505 ἀπαγγείλας·
736 3423 839 3495 ἴσως
862 3413 1243 3505 οὗνκαινοτομεῖυ
1268 3420 1545 3505 βουλόμενος
1569 3425 1642 3485 καί

419 3530 470 3615 μὴ
495 3529 854 3595 κατακολουθεῖν
884 3539 978 3602 τοῖς
1009 3531 1153 3617 ἑτέρου
1175 3526 1285 3602 τινὸς
1315 3526 1379 3594 ὑπ’
1415 3527 1512 3618 ὄψιν
1535 3534 1642 3612 θῆκε

420 3637 465 3703 τὸ
496 3640 516 3702 δ
523 3636 723 3724 ρώμευον.
768 3640 827 3702 His
859 3640 989 3721 Didymi
1028 3661 1098 3702 cum
1128 3640 1206 3702 alter
1240 3639 1407 3704 scholiasta
1438 3640 1589 3702 adderet:
1622 3633 1642 3718 ἢ

420 3746 552 3830 μᾶλλον
595 3743 755 3827 ἐκπλῆξαι
797 3742 1021 3827 βουλόμενος·
1068 3744 1137 3826 εἰκῆ
1185 3741 1247 3828 γάρ
1287 3752 1479 3830 κατηγορεῖν
1518 3739 1643 3828 ἀνδρὸς

420 3853 571 3916 παλαιοῦ
597 3848 657 3931 οὐχ
679 3847 776 3915 ὅσιον
800 3848 878 3915 οὐδὲ
902 3852 1047 3929 δίκαιον,
1070 3855 1171 3935 probe
1189 3841 1497 3935 Trendelenburgius
1521 3853 1644 3916 notavit

421 3963 496 4026 illud
520 3956 642 4045 ἀνδρὸς
666 3956 834 4036 παλαιοῦ,
867 3982 932 4042 quo
956 3959 1151 4044 Sophoclem
1175 3961 1398 4023 recentioribus
1427 3979 1592 4044 opponens
1624 3981 1643 4022 a

421 4079 517 4152 poeta
532 4077 659 4130 sanctae
674 4069 839 4131 vetustatis
856 4089 985 4130 omnem
1008 4067 1059 4130 ille
1084 4077 1204 4130 arceret
1220 4067 1416 4130 calumniam.
1461 4067 1545 4130 Nam
1570 4088 1642 4129 cum
1669 4124 1672 4130 .

421 4179 482 4239 iam
507 4178 549 4239 de
564 4175 713 4256 Euripide
735 4174 841 4256 paullo
858 4175 947 4237 aliter
969 4175 1149 4249 iudicarent,
1172 4173 1222 4235 vel
1239 4175 1338 4253 magis
1354 4173 1415 4235 hoc
1439 4175 1642 4236 statuendum

422 4285 479 4345 erit
503 4283 543 4344 de
566 4280 805 4344 adulescentulis
828 4280 885 4343 illis
902 4276 1091 4365 Εὐριπίδου
1114 4277 1214 4341 πλεῖν
1234 4274 1254 4362 ἢ
1278 4279 1403 4362 σταδίῳ
1422 4276 1641 4363 λαλιστέροις.

421 4391 520 4452 Porro
545 4391 660 4452 eodem
680 4398 804 4469 spectat
826 4388 1017 4471 parabaseos
1041 4377 1136 4470 quam
1161 4389 1234 4451 dicit
1255 4388 1394 4469 tragicae
1415 4388 1534 4449 mentio
1557 4388 1644 4468 apud

422 4496 582 4559 Pollucem
613 4496 742 4558 iniecta:
777 4490 932 4579 τραγικὸν
965 4493 999 4555 δέ
1032 4489 1091 4557 οάκ
1123 4493 1214 4556 ἐστιν
1249 4490 1278 4575 (ἡ
1309 4489 1537 4577 παράβασις),
1566 4488 1639 4552 ἀλλ’

423 4598 607 4688 Εὐριπίδης
639 4596 721 4665 αὐτὸ
754 4604 939 4683 πεποίηκεν
968 4601 1003 4662 έν
1026 4598 1169 4672 πολλοῖς
1194 4597 1375 4686 δράμασιν
1404 4599 1439 4660 έν
1462 4603 1523 4680 μέν
1545 4621 1579 4678 γε
1602 4601 1642 4687 τῇ

423 4706 538 4798 Δανάῃ
568 4705 628 4771 τδν
653 4705 755 4794 χορὸν
787 4705 848 4779 τάς
879 4715 1038 4787 γυναῖκας
1068 4704 1155 4793 ὑπὲρ
1187 4704 1291 4771 αὑτοῦ
1314 4729 1347 4770 τι
1378 4704 1525 4788 ποιήσας
1556 4728 1641 4789 παρ-

424 4816 537 4898 άδειν,
570 4813 800 4897 ἐκλαθόμενος
825 4811 869 4886 οἷς
901 4810 1029 4899 ἀνδρας
1061 4812 1165 4894 λέγειν
1189 4814 1326 4897 ἐποίησε
1350 4816 1394 4896 τῷ
1421 4810 1563 4894 σχήματι
1585 4814 1644 4893 τῆς
