3706 5876
695 549 915 640 “53'‘

195 725 327 802 ζεσθαι,
351 749 370 790 a
391 722 571 798 διπλάσιος
587 747 652 790 non
669 723 857 804 διπλασεῖν,
881 730 938 791 sed
955 723 1210 801 διπλασιάζειντ
1238 729 1281 792 ita
1300 751 1415 814 τετρα-

195 830 373 913 λογιάζειν,
390 831 643 919 τετραλογίζειν,
659 833 878 918 τετραλογιάν
891 835 1019 900 formari
1034 845 1189 918 poterant,
1212 857 1294 918 quae
1309 847 1416 900 tamen

195 943 225 1004 in
241 952 329 1005 tanta
345 931 644 1025 νοοίετετραλογία
665 944 791 1005 raritate
807 963 966 1024 nunquam
986 942 1123 1006 formata
1138 953 1227 1019 sunt;
1254 945 1414 1025 egregium

194 1048 269 1111 illud
292 1045 506 1134 τετραλογεῖν
529 1051 675 1112 vitiosum
699 1059 755 1112 est.

285 1157 349 1220 Sed
373 1156 515 1237 alterum,
538 1157 568 1218 ni
591 1156 689 1232 fallor,
714 1158 744 1218 in
767 1155 871 1219 verbis
893 1157 970 1220 latet
994 1158 1120 1232 vitium,
1144 1158 1168 1220 si
1191 1157 1318 1238 quidem
1343 1179 1414 1219 cum

196 1266 350 1347 plerisque
374 1267 414 1327 de
436 1264 655 1327 certaminibus
678 1263 811 1345 publicis
823 1263 1031 1346 intellegimus
1056 1263 1168 1348 δρᾶμα
1191 1258 1278 1347 πρὸς
1302 1263 1415 1348 δρᾶμα

198 1368 436 1451 ἀγωνίζεσθαι.
483 1371 554 1433 Hac
577 1372 660 1433 enim
684 1372 812 1433 notione
836 1392 878 1434 ex
903 1372 1059 1434 constanti
1082 1392 1139 1433 usu
1162 1366 1309 1454 δράματι
1333 1367 1416 1455 πρὸς
1501 1443 1502 1446 ¹

197 1477 314 1562 δρᾶμα
338 1478 389 1540 vel
413 1474 581 1563 δράμασιν
604 1473 691 1562 πρὸς
724 1473 880 1562 δράματα
909 1473 1136 1557 ἀγωνίζεσθαι
1167 1480 1416 1561 exspectandum

198 1596 273 1662 erat,
297 1607 369 1649 cum
394 1585 509 1669 δρᾶμα
527 1581 756 1664 ἀγωνίζεσθαι
779 1585 958 1669 simpliciter
981 1587 1020 1648 sit
1041 1581 1148 1667 ‘agere
1173 1580 1328 1660 fabulam',
1352 1604 1416 1647 non

195 1688 328 1755 ‘certare
361 1689 493 1758 fabula'.
540 1692 691 1756 Conseras
722 1693 816 1755 velim
841 1695 925 1774 apud
948 1694 1128 1775 Diogenem
1152 1693 1311 1755 Laertium
1344 1683 1418 1753 οἷον

199 1799 320 1860 έκεῖνοι
359 1803 494 1883 τέτρασι
534 1795 706 1884 δράμασιν
736 1794 949 1881 ἠγωνίζοντο,
988 1801 1018 1861 in
1053 1799 1177 1862 scholiis
1207 1801 1248 1862 ad
1279 1798 1418 1861 Platonis

198 1907 379 1989 apologiam
410 1903 467 1968 τὸν
497 1914 569 1978 τοῖς
602 1901 778 1986 Εὐβούλου
810 1903 982 1991 δράμασιν
1021 1902 1297 1986 ἀγωνισάμενον,
1333 1909 1418 1989 apud

198 2015 336 2078 Dionem
369 2013 636 2094 Chrysostomum
669 2009 832 2077 οὐδέποτε
863 2015 908 2095 τῷ
941 2008 1030 2095 αὐτῷ
1063 2009 1210 2097 δράματι
1242 2008 1416 2094 ἀντηγωνί-

200 2118 304 2196 ζοντο,
329 2123 413 2204 apud
430 2121 598 2184 Aelianum
620 2119 653 2184 εί
672 2142 757 2182 ποτε
781 2116 966 2205 Εὐριπίδης
990 2116 1161 2202 ἠγωνίζετο
1187 2126 1315 2190 καινοῖς
1338 2141 1417 2203 τρα-

198 2227 334 2309 γῳδοῖς,
367 2231 398 2290 in
425 2229 506 2291 Pluti
537 2238 724 2312 argumento
753 2224 1059 2310 ἀνταγωνιζομένου
1087 2222 1176 2309 αὐτῷ
1210 2223 1417 2310 Νικοχάρονς

199 2337 260 2414 μέν
284 2331 421 2398 Λάκωσι
444 2332 520 2412 κτλ,
553 2345 585 2399 et
616 2338 681 2400 eius
705 2338 827 2418 generis
850 2334 1014 2419 permulta.
1061 2335 1142 2398 Cum
1171 2344 1277 2396 autem
1301 2354 1319 2394 a
1342 2355 1416 2395 con-

198 2445 292 2505 trario
315 2453 350 2505 ut
372 2443 458 2506 aiunt
474 2443 524 2505 vel
540 2445 680 2506 maxime
702 2443 765 2506 tale
788 2444 1014 2526 comprobetur
1035 2443 1210 2516 discrimen,
1233 2439 1417 2522 exemplum

196 2548 354 2633 proferam
378 2571 421 2624 ex
443 2549 623 2613 Aristotelis
652 2559 719 2612 arte
741 2551 881 2632 poetica:
916 2547 947 2609 εἰ
970 2544 1033 2633 γάρ
1058 2546 1126 2609 ἔδει
1150 2542 1269 2608 έκατόν
1291 2569 1415 2632 τραγῳ·

197 2655 271 2726 δίας
295 2652 529 2738 ἀγωνίζεσθαι,
554 2653 637 2742 πρὸς
653 2653 845 2744 κλέψνδραν
869 2651 912 2716 άν
933 2651 1139 2737 ἠγωνίζοντο,
1164 2655 1216 2717 ubi
1239 2656 1264 2717 si
1287 2656 1418 2717 dixisset

197 2760 315 2825 ἑκατὸν
351 2762 568 2849 τραγῳδίαις,
608 2765 763 2828 sententia
797 2774 882 2827 esset
920 2765 1058 2826 centenis
1095 2761 1220 2848 (contra
1256 2769 1415 2838 centenas)

197 2869 307 2934 fabulis
332 2881 458 2934 certare.
505 2871 557 2934 Ac
585 2873 690 2935 nescio
721 2893 761 2934 an
788 2871 850 2934 tale
881 2872 956 2954 quid
988 2881 1020 2934 et
1047 2871 1249 2933 Hermannus
1279 2870 1417 2944 senserit,

197 2998 269 3039 cum
300 2999 389 3040 suam
417 2980 605 3040 sententiam
637 2978 738 3041 solam
769 2977 874 3040 verbis
911 2987 984 3060 apte
1020 2978 1213 3060 respondere
1244 2977 1416 3039 identidem

197 3096 330 3164 urgeret,
347 3095 378 3147 et
394 3085 542 3161 NaekiuS,
562 3105 634 3148 curn
650 3095 775 3169 praeter
790 3081 1072 3169 τετραλογεῖσάαι
1088 3084 1288 3146 scribendum
1304 3083 1416 3145 saltem

197 3211 266 3253 esse
298 3187 353 3251 διά
386 3189 604 3275 τετραλογίαν
634 3202 828 3277 proponeret
861 3227 899 3238 -
932 3193 988 3253 nisi
1018 3193 1105 3273 quod
1134 3199 1202 3252 tum
1235 3191 1330 3252 etiarn
1360 3185 1415 3250 διά

198 3293 311 3380 δρᾶμα
349 3300 555 3380 requireretur
591 3337 649 3375 -,
693 3300 828 3381 denique
866 3298 1038 3374 Usenerus,
1085 3318 1156 3359 cum
1205 3295 1416 3381 διορίζεσθαι

196 3405 376 3485 postularet.

285 3511 349 3575 Sed
374 3515 568 3594 aptissimam
584 3515 772 3576 sententiam
788 3513 990 3593 assequimur,
1014 3514 1039 3572 si
1056 3505 1279 3589 ἀγωνίζεσθαι
1303 3511 1416 3573 eadem

196 3617 421 3698 significatione
453 3621 653 3702 percipimus,
692 3641 754 3701 qua
785 3629 858 3702 post
890 3639 1007 3700 paucos
1037 3638 1143 3680 versus
1172 3621 1256 3700 apud
1288 3617 1418 3681 Suidam

197 3737 306 3788 extare
345 3728 479 3788 vidimus
517 3723 603 3811 πρὸς
637 3730 761 3788 Θέσπιν
800 3728 857 3787 καί
890 3721 1052 3810 Χοιρίλον
1091 3717 1348 3804 ἀγωνιζόμενος,
1387 3734 1419 3787 et

198 3830 318 3915 δρᾶμα·
343 3829 429 3916 πρὸς
469 3833 582 3918 δρᾶμα
623 3823 849 3913 ἀγωνίζεσθαι
885 3835 926 3896 ad
965 3854 1036 3895 eam
1071 3832 1247 3894 fabularum
1279 3832 1418 3894 eiusdem

197 3941 373 4021 argumenti
389 3942 625 4003 contentionem
641 3943 798 4023 pertinere
821 3941 981 4016 sumimus,
1007 3941 1047 4001 de
1070 3959 1132 4020 qua
1154 3960 1248 4021 supra
1270 3938 1419 4000 nonnulla

197 4049 368 4130 composui.
423 4047 513 4109 Haec
549 4057 655 4110 autern
691 4048 778 4109 vocis
810 4045 924 4130 δρᾶμα
953 4048 1057 4121 notio,
1096 4066 1159 4127 qua
1197 4055 1418 4127 argumentum

196 4153 286 4216 simul
315 4152 515 4234 intellegitur,
546 4155 670 4236 saepius
701 4175 757 4216 usu
788 4153 893 4216 venit:
926 4153 1011 4216 velut
1042 4153 1072 4214 in
1103 4152 1228 4216 scholiis
1251 4154 1292 4214 ad
1316 4151 1417 4214 Phoe-

196 4262 297 4323 nissas
325 4263 426 4323 1710:
455 4255 512 4320 διά
535 4263 597 4340 μέν
620 4262 679 4322 τοῦ
701 4255 775 4339 (ἐγώ
800 4275 867 4340 σφε
890 4255 1016 4348 θάψω)
1044 4261 1223 4343 σπέρματα
1246 4261 1284 4349 τή
1312 4265 1418 4338 Σοφο-

197 4363 310 4438 κλέους
330 4361 497 4458 Ἀντιγόνγγ
522 4371 688 4452 παρέσχε,
720 4364 777 4428 διά
808 4390 844 4428 τε
868 4369 926 4428 τοῦ
953 4362 1086 4446 φεύγειν
1117 4367 1161 4447 τῷ
1192 4365 1250 4426 tm
1274 4363 1417 4447 Κολωνῷ

199 4471 363 4536 Οίδίποδι·
395 4469 438 4544 ὥς
475 4469 660 4553 βούλονται
696 4469 759 4558 γάρ
799 4472 1105 4553 οίκονομοῦνται
1143 4468 1190 4533 τά
1227 4468 1419 4556 δράματα.

197 4580 346 4645 Ceterum
378 4603 420 4644 ex
443 4581 505 4644 hoc
529 4581 678 4664 exemplo
702 4582 791 4643 vides
819 4584 879 4643 iam
905 4592 1028 4644 veteres
1051 4580 1275 4661 grammaticos
1299 4579 1418 4642 Tecum

199 4688 395 4772 Antigonam
420 4709 491 4751 cum
516 4687 643 4771 Oedipo
667 4688 809 4751 Coloneo
834 4689 1039 4762 consociasse,
1063 4696 1097 4750 ut
1119 4688 1204 4748 idem
1228 4686 1268 4747 de
1293 4684 1418 4768 Oedipo

197 4795 288 4878 Rege
311 4817 382 4858 curn
400 4795 543 4859 Coloneo
565 4797 733 4858 coniuncto
756 4806 976 4877 argumentum
1001 4795 1126 4877 prodit:
1153 4788 1171 4857 ὁ
1197 4792 1254 4854 ἐπὶ
1275 4789 1418 4874 Κολωνῷ
