3706 5876
685 536 905 598 ..23-

181 711 222 773 ad
245 713 363 775 iudices
385 713 507 775 veniret
529 710 731 773 deseruerint
777 710 821 772 Et
852 730 929 772 vero
961 711 991 772 in
1023 731 1062 773 eo
1095 731 1260 773 causarum
1293 731 1410 791 genere

181 838 278 898 quam
310 818 399 882 facile
436 839 508 881 reus
544 819 636 880 variis
675 818 794 880 artibus
827 818 1067 899 exceptionibus
1097 818 1409 899 tergiversationibus

181 933 309 1006 tempus
339 925 465 988 trahere
489 934 521 987 et
551 923 697 986 iudicium
729 924 857 986 eludere
887 925 1042 1006 potuerit,
1071 924 1139 1006 ipsa
1169 905 1337 988 Aeschinis
1367 928 1410 987 de

181 1029 341 1110 legatione
371 1033 454 1094 actio
478 1023 611 1094 testatur
634 1031 727 1092 tertio
752 1030 882 1092 demum
905 1040 980 1113 post
1002 1031 1236 1094 accusationem
1260 1051 1344 1092 anno
1367 1032 1410 1094 ad

181 1137 300 1199 iudices
324 1137 438 1202 delata
452 1143 472 1217 ι)

271 1245 337 1306 Iam
360 1246 420 1308 ista
443 1245 525 1307 actio
549 1245 591 1306 de
613 1244 786 1307 rationibus
814 1264 980 1306 munerum
1013 1253 1194 1325 gestorum,
1226 1245 1257 1306 in
1280 1266 1344 1326 qua
1366 1266 1410 1308 ex
1487 1316 1489 1320 Α

131 1362 133 1366 “
183 1353 340 1413 constanti
369 1372 427 1412 usu
451 1360 483 1413 et
505 1352 617 1413 ordine
639 1351 747 1412 omnia
769 1359 979 1432 peraguntur,
1002 1359 1199 1433 quantopere
1221 1350 1345 1414 differat
1368 1352 1409 1414 ab

182 1458 382 1519 accusatione
405 1459 435 1518 in
458 1458 570 1519 iudicio
587 1457 823 1539 compendiario
844 1456 885 1518 de
902 1457 1048 1519 omnibus
1072 1458 1221 1539 deinceps
1244 1459 1409 1539 magistra-

181 1562 265 1624 tibus
288 1564 384 1625 cuivis
408 1583 572 1639 concessa,
604 1565 659 1625 vix
691 1562 850 1644 estquod
882 1583 1041 1626 moneam.
1087 1561 1290 1626 Ordinarium
1318 1566 1412 1647 igitur

182 1670 313 1732 actionis
335 1690 436 1751 genus
463 1678 589 1751 praeter
619 1667 694 1731 illud
726 1677 780 1731 aut
809 1670 915 1750 potius
945 1677 1020 1750 post
1042 1667 1119 1731 illud
1142 1671 1316 1732 admissum
1341 1692 1411 1735 esse

182 1785 314 1857 apparet
336 1777 380 1838 ita
402 1777 545 1857 quidem,
570 1785 604 1838 ut
635 1795 675 1838 eo
706 1784 861 1850 uteretur,
892 1776 945 1856 qui
971 1785 1048 1857 post
1074 1776 1231 1838 rationum
1262 1778 1410 1841 iudicium

182 1884 363 1945 summatim
387 1882 505 1945 factum
528 1883 617 1944 statis
641 1883 753 1945 diebus
776 1882 955 1957 limitatum,
979 1881 1052 1944 licet
1081 1883 1148 1965 ipse
1171 1903 1300 1965 quoque
1330 1886 1411 1948 intra

181 1987 356 2069 legitimum
380 1999 506 2070 tempus
529 1990 557 2050 ei
580 1991 624 2051 rei
646 1988 731 2050 haud
755 1987 851 2050 dubie
879 1989 1106 2070 praescriptum
1117 1992 1142 2066 2)
1174 1999 1339 2053 accusator
1369 1994 1410 2054 ad

164 2087 311 2174 'logistas
333 2096 483 2177 prodiret.
530 2095 630 2178 Quod
652 2115 716 2177 quo
739 2095 804 2156 iure
829 2096 870 2156 de
885 2095 1028 2157 diaetetis
1043 2094 1175 2176 publicis
1190 2095 1256 2158 fieri
1271 2099 1412 2178 potuisse

182 2203 344 2281 negaverit
359 2201 622 2264 Westermannus
633 2205 666 2280 3),
688 2203 857 2264 immemor
876 2200 927 2262 ille
942 2203 1195 2265 testimoniorum
1210 2224 1293 2284 quae
1316 2225 1412 2288 supra

182 2306 279 2382 attuli,
303 2328 366 2369 non
390 2328 525 2389 quaero,
551 2309 619 2390 ipse
641 2318 748 2371 autem
772 2310 860 2390 quod
884 2309 992 2370 statuit
1015 2309 1045 2370 in
1069 2310 1116 2371 ius
1139 2311 1307 2372 vocatione
1330 2333 1411 2393 opus

182 2435 246 2476 non
281 2413 376 2477 fuisse
399 2416 454 2476 nisi
485 2417 606 2478 actione
629 2417 706 2478 data
733 2417 763 2477 in
794 2415 981 2491 diaetetam,
1013 2416 1090 2477 dum
1122 2437 1236 2477 munus
1267 2427 1408 2498 gereretz

182 2521 256 2582 satis
295 2530 421 2583 constat
452 2523 673 2603 magistratum
710 2542 883 2604 numquam
915 2521 1036 2584 licuisse
1066 2532 1140 2585 ante
1171 2522 1262 2584 officii
1292 2526 1411 2606 peracti

181 2637 308 2709 tempus
330 2629 469 2691 accusari
492 2629 548 2690 nisi
578 2630 664 2710 apud
687 2628 841 2712 populum
865 2630 965 2690 autin
989 2626 1239 2711 ἐπιχειροτονίᾳ
1265 2629 1411 2693 sollemni
1469 2705 1473 2714 ι

182 2743 236 2796 aut
258 2754 316 2816 per
339 2731 565 2813 εἰσαγγελίαν;
591 2736 632 2796 ab
656 2745 790 2818 utraque
818 2744 924 2798 autem
956 2736 1071 2816 pariter
1101 2734 1273 2797 abhorrere
1303 2737 1334 2797 in
1365 2738 1412 2799 ius

183 2841 384 2903 vocationem
408 2862 458 2903 res
483 2843 587 2904 docet.

270 2947 340 3009 Nec
356 2948 457 3009 minus
478 2950 636 3010 accusatio
652 2949 693 3010 ab
717 2947 860 3029 euthyno
883 2950 914 3010 in
938 2949 1157 3029 magistratum
1181 2968 1270 3010 reum
1293 2949 1413 3011 intenta

149 3039 152 3046 ¹
182 3053 283 3116 aliena
313 3063 361 3116 est
396 3075 416 3116 a
444 3054 655 3136 perfunctoria
690 3055 741 3118 illa
770 3056 910 3131 actione,
942 3050 1140 3136 eandemque
1178 3063 1211 3116 et
1242 3055 1310 3136 ipsa
1348 3076 1413 3117 non

181 3162 373 3242 praecedere
395 3169 530 3243 poterat,
553 3163 612 3222 sed
631 3163 751 3243 insequi
767 3162 915 3225 debebat.
952 3162 989 3222 ld
1004 3161 1079 3223 satis
1094 3162 1210 3224 indicat
1225 3160 1412 3225 Patroclidis

182 3267 361 3341 decretum,
398 3288 463 3348 quo
493 3269 612 3330 restitui
642 3268 788 3330 iubentur
825 3269 850 3329 si
880 3269 934 3349 qui
965 3268 1006 3329 ab
1035 3267 1182 3347 euthynis
1213 3269 1257 3328 rei
1287 3269 1413 3331 iudicati

183 3393 285 3454 neque
309 3373 386 3435 dum
408 3374 545 3436 iudicum
569 3375 729 3436 sententiis
754 3376 894 3436 damnati
917 3375 986 3436 sint.
1031 3372 1171 3436 Omnino
1199 3373 1413 3454 euthynorum

183 3499 319 3542 examen
342 3488 454 3562 suapte
477 3489 588 3542 natura
611 3501 675 3542 non
698 3481 779 3542 intra
802 3481 899 3543 breve
921 3481 1074 3562 temporis
1105 3481 1241 3562 spatium
1264 3480 1412 3543 absolve-

182 3585 289 3661 batur,
320 3586 378 3648 sed
401 3587 527 3647 maioris
559 3585 649 3649 molis
677 3596 714 3667 et
732 3587 937 3668 diligentioris
961 3585 1205 3668 computationis
1237 3597 1319 3660 erat,
1354 3608 1414 3650 nec

182 3692 239 3755 nisi
277 3692 424 3754 omnibus
463 3693 594 3754 demum
629 3694 834 3774 inquisitionis
878 3693 1092 3756 instrumentis
1130 3693 1262 3774 paratis,
1298 3692 1413 3756 tabulis
1451 3689 1452 3694 ’

184 3799 304 3880 accepti
328 3807 360 3860 et
383 3800 524 3879 expensi,
547 3803 626 3880 quas
649 3800 761 3881 singuli
781 3801 983 3880 magistratus
1003 3800 1192 3882 perscriptas
1207 3800 1413 3876 tradiderant,

184 3913 329 3967 accurate
368 3906 508 3967 excussis
539 3914 572 3967 et
601 3907 681 3968 inter
712 3927 746 3968 se
777 3905 915 3980 collatis,
949 3906 1088 3988 pecuniis
1124 3906 1254 3967 residuis
1292 3908 1413 3968 exactis

184 4020 279 4092 atque
299 4012 478 4086 numeratis,
503 4012 638 4092 denique
662 4011 787 4074 calculis
810 4012 972 4074 subductis
993 4021 1177 4093 sumptuum
1201 4020 1234 4072 et
1256 4011 1413 4075 redituum

185 4137 361 4179 annuorum
393 4119 587 4198 summisque
619 4119 831 4200 compensatis
867 4128 954 4180 certa
985 4127 1017 4179 et
1044 4119 1167 4199 integra
1194 4119 1349 4179 sententia
1374 4119 1415 4180 de

185 4224 319 4285 cuiusvis
357 4224 558 4304 magistratus
593 4225 864 4286 administratione
900 4225 1094 4305 pronuntiari
1129 4232 1264 4305 poterat.
1318 4225 1414 4287 Haud

276 4417 302 4482 1)
322 4417 353 4469 cs.
373 4418 505 4474 Demosth.
524 4419 555 4467 de
572 4418 623 4471 FL.
640 4415 689 4470 103
710 4417 761 4470 νῦν
780 4416 809 4470 di
828 4413 874 4470 dui
893 4413 941 4480 τὴν
960 4413 1095 4489 ὑμετέραν
1114 4413 1245 4480 εὐήθειαν
1263 4418 1309 4470 καὶ
1329 4417 1414 4491 πρᾳό-

186 4524 251 4568 τητα
270 4500 387 4563 εὐθύνας
406 4505 508 4565 δίδωσι,
527 4503 574 4558 καὶ
592 4503 692 4564 ταύτας
710 4502 828 4570 ὁπηνίκα
846 4503 977 4574 βούλεται.

275 4592 302 4660 2)
321 4594 407 4644 Pollux
425 4595 487 4643 VIII
505 4593 540 4648 45
564 4591 577 4658 ἡ
597 4591 624 4648 δ’
646 4589 751 4648 εὔθυνα
776 4591 880 4668 χρόνον
899 4591 974 4665 εἶχεν
998 4591 1160 4668 ὡρισμένον,
1180 4591 1250 4664 μεθ’
1271 4590 1305 4646 ὃν
1323 4591 1413 4648 οὐκέτ’

187 4679 250 4746 ἐξῆν
268 4679 401 4751 ἐγκαλεῖν.
432 4683 490 4733 Non
510 4685 592 4734 obstat
610 4680 731 4754 ἆειλογία
750 4685 926 4735 Demosthenis
940 4683 982 4748 19,
996 4683 1021 4736 2.
1035 4683 1077 4747 57,
1091 4682 1134 4736 27.
1154 4685 1195 4749 (cf.
1210 4685 1332 4748 Harpocr.
1346 4701 1366 4733 s.
1380 4686 1415 4751 v.)

278 4770 305 4839 3)
326 4772 383 4826 Act.
401 4789 453 4826 soc.
472 4789 523 4824 sax.
543 4774 562 4825 1.
584 4772 675 4840 (1847)
693 4791 717 4838 p.
730 4772 792 4826 455.
983 4767 986 4778 ’
