3706 5876
933 566 1149 625 -6()..

433 739 463 798 in
494 738 731 803 didascaliarum
763 740 906 824 relliquiis
937 744 1182 806 commemorari
1206 743 1327 804 videret
1354 739 1551 821 tetralogias,
1582 764 1657 805 eum

434 847 562 908 omnino
598 867 662 909 non
694 856 829 910 certasse
860 849 917 910 nisi
956 849 1083 930 singulis
1118 849 1288 930 tragoediis
1319 847 1477 910 conclusit.
1531 849 1658 912 Eadem

433 953 526 1035 igitur
549 953 600 1016 ille
623 955 744 1016 ratione
766 955 968 1038 procedebat,
991 976 1054 1038 qua
1077 955 1127 1018 Tu
1150 957 1212 1019 iam
1236 957 1330 1037 ipsius
1353 953 1469 1017 Suidae
1492 964 1657 1019 auctorem

434 1083 524 1124 usum
548 1083 617 1124 esse
640 1071 725 1125 ratus
748 1083 807 1144 pro
831 1062 1138 1126 autoschediasmate
1161 1061 1259 1125 verba
1280 1060 1416 1124 habuisti
1428 1089 1435 1138 ;
1469 1083 1532 1125 non
1561 1072 1658 1138 recte,

434 1179 469 1231 ut
492 1169 566 1232 mihi
590 1169 720 1233 videtur.
759 1171 843 1232 Nam
868 1206 909 1214 -
934 1179 968 1233 ut
991 1171 1146 1245 omittam,
1169 1171 1256 1252 quod
1281 1168 1394 1232 deinde
1418 1171 1658 1245 demonstrab0,

433 1273 652 1360 τετραλογίαν
684 1279 813 1340 omnino
837 1277 929 1340 scribi
952 1298 1016 1340 non
1048 1277 1206 1340 licere-
1230 1276 1338 1339 obstat
1361 1279 1448 1358 quod
1471 1299 1566 1340 unum
1591 1277 1659 1340 sere

434 1384 617 1448 Kolsterum
650 1387 681 1447 in
714 1405 844 1448 censura
874 1385 943 1448 libri
967 1385 1027 1448 Tui
1058 1394 1143 1449 recte
1168 1386 1327 1447 monuisse
1355 1385 1502 1447 existimo
1533 1394 1660 1447 veteres

435 1493 674 1572 grammaticOS,
698 1494 750 1575 qui
774 1494 804 1555 in
829 1515 868 1555 eo
892 1494 1032 1556 maxime
1056 1501 1267 1568 versarentur,
1292 1500 1326 1554 ut
1349 1492 1536 1575 scriptorum
1560 1491 1659 1553 libros

435 1599 636 1681 explicarent,
661 1601 784 1675 deinde,
808 1621 889 1682 quae
912 1599 962 1662 hic
985 1599 1044 1662 illic
1060 1598 1217 1682 explicata
1233 1620 1288 1662 seu
1305 1607 1458 1681 excerpta
1476 1599 1658 1680 reperirent,

436 1705 619 1788 colligerent
635 1715 730 1788 atque
747 1715 983 1789 componerent,
1006 1727 1070 1769 non
1086 1727 1156 1769 raro
1181 1707 1222 1768 ad
1241 1705 1329 1768 locos
1354 1704 1540 1769 difficiliores
1564 1706 1658 1767 inter-

434 1815 607 1896 pretandos
623 1824 736 1896 suopte
759 1814 884 1896 ingenio
908 1813 1023 1896 aliquid
1046 1815 1254 1895 excogitasse,
1278 1813 1360 1888 talia,
1382 1812 1486 1894 qualia
1500 1812 1562 1875 hoc
1584 1810 1660 1875 loco

436 1919 567 1984 Suidam
600 1923 733 1984 credunt
763 1920 931 1997 adnotare,
967 1921 1022 1982 vix
1052 1941 1190 2002 unquam
1222 1920 1388 1982 effinxisse.
1438 1918 1504 1982 Sed
1531 1920 1662 1983 Meursii

435 2029 620 2090 rationem
637 2049 830 2111 quamquam
844 2037 958 2110 postea
970 2028 1163 2092 intellectum
1179 2037 1227 2090 est
1240 2027 1436 2090 falsissimam
1454 2047 1531 2102 esse,
1549 2036 1661 2090 tamen

436 2136 693 2198 coniecturam
722 2136 786 2198 eius
819 2137 860 2197 ad
884 2156 980 2197 unum
1012 2137 1204 2198 retinuerunt
1235 2155 1362 2209 omnes,
1389 2135 1445 2196 nisi
1475 2133 1660 2215 quodcum

436 2243 560 2332 Naekio
595 2242 734 2305 nonnulli
765 2239 1048 2328 τετραλογεῖσθαι
1079 2241 1300 2325 praeferebant
1330 2263 1389 2324 pro
1428 2237 1660 2325 τετραλογίαν,

435 2351 552 2432 quippe
590 2351 677 2432 quod
714 2351 843 2433 propius
878 2352 1029 2413 accedere
1068 2352 1109 2413 ad
1139 2351 1332 2431 optimorum
1365 2347 1481 2412 Suidae
1512 2349 1662 2411 codicum

436 2458 623 2539 scripturam
646 2455 951 2542 στρατολογεῖσθαι
967 2456 1025 2519 sibi
1040 2458 1283 2538 persuaderent:
1310 2458 1385 2538 quin
1407 2456 1489 2518 adeo
1511 2455 1662 2537 vulgatae

436 2565 482 2626 ius
505 2564 640 2626 obtinuit
656 2564 782 2627 Meursii
806 2566 991 2640 coniectura,
1016 2572 1050 2626 ut
1066 2563 1251 2627 Welckerus
1275 2562 1444 2644 aliquando
1468 2563 1660 2624 Leidensem

436 2679 562 2734 notaret
596 2655 902 2756 στρατολογεῑσθαί
933 2671 1084 2735 exhibere
1114 2692 1172 2750 pro
1208 2667 1437 2754 τετραλογίαν.
1485 2667 1558 2751 Qua
1588 2689 1658 2731 mu-

436 2779 555 2840 tatione
585 2787 713 2860 recepta
751 2787 882 2861 quantas
917 2778 975 2841 sibi
1009 2785 1198 2861 pepererunt
1229 2775 1427 2841 difficultates
1462 2783 1661 2857 quantasque

437 2887 592 2948 dederunt
615 2886 723 2949 turbas
746 2887 951 2968 interpretes!
978 2885 1006 2947 E
1029 2885 1143 2966 quibus
1160 2884 1319 2960 Clintonis,
1343 2883 1499 2958 Karsteni,
1523 2883 1661 2963 Bergkii,

438 2992 596 3055 Welckeri
619 2993 709 3055 nimis
732 2995 839 3075 vagari
856 2995 1018 3075 opiniones
1042 3013 1106 3054 non
1129 3002 1178 3054 est
1200 2993 1289 3073 quod
1311 3000 1386 3073 post
1401 2989 1487 3052 Tuas
1510 2988 1658 3052 aliorum-

437 3119 499 3180 que
522 3100 659 3162 rationes
683 3121 864 3182 exponam;
895 3098 1044 3162 Boeckhii
1068 3107 1173 3162 autem
1198 3097 1441 3180 explicationem
1466 3097 1580 3178 apertis
1603 3096 1660 3157 niti

438 3207 594 3269 erroribus
633 3228 704 3270 cum
733 3191 875 3290 Sauppio
913 3207 1092 3289 planissime
1129 3207 1254 3269 evicisti.
1290 3204 1401 3287 'Quid
1432 3213 1538 3266 autem
1570 3203 1659 3284 quod

438 3313 677 3395 Bernhardyus,
716 3317 773 3377 etsi
812 3317 853 3377 de
883 3314 955 3376 Tuo
985 3313 1066 3376 libro
1105 3314 1196 3375 dicit:
1236 3307 1332 3373 ‘dem
1372 3307 1659 3392 grilndliclzen

443 3419 691 3483 Unterrz'clzt
725 3421 845 3500 fehlt
887 3421 955 3482 die
1001 3418 1263 3481 leistorz'sclze
1304 3418 1556 3496 Grundlage,
1604 3414 1659 3477 da

439 3527 551 3590 setall
577 3528 630 3590 die
652 3528 787 3609 Angabe
816 3529 872 3591 der
898 3527 1019 3590 Surdas
1041 3528 1093 3589 als
1115 3527 1165 3588 ein
1190 3525 1475 3588 Autosclzediasma
1497 3517 1660 3601 verwirft’

439 3639 482 3717 (p.
506 3637 578 3711 37),
610 3635 695 3699 idem
726 3644 832 3698 tamen
864 3637 1039 3699 concedere
1070 3643 1198 3697 coactus
1223 3643 1270 3696 est
1294 3631 1335 3714 (p.
1361 3634 1436 3709 38):
1469 3627 1525 3692 ‘an
1553 3629 1663 3692 dieser

438 3741 548 3822 Frage
577 3740 683 3820 leastet
710 3741 790 3803 nach
821 3743 906 3804 allen
929 3741 1162 3822 Emodgungen
1186 3741 1249 3800 ein
1274 3737 1453 3815 Dunkeu
1486 3735 1662 3800 welches

438 3849 621 3911 mz'ttelst
640 3848 789 3911 klarer
809 3848 1094 3911 historz'rclzer
1115 3846 1313 3928 Angaben
1336 3844 1454 3908 nicht
1473 3843 1589 3906 mehr
1609 3863 1661 3905 zu

439 3957 674 4038 beseitz'gen
713 3951 782 4019 irt’
822 3965 855 4019 et
886 3955 959 4019 alibi
992 3961 1037 4038 (p.
1069 3957 1163 4031 330i:
1202 3950 1291 4016 ‘man
1323 3953 1383 4014 hat
1411 3952 1525 4014 berez'ts
1548 3971 1665 4032 genug

438 4061 641 4144 Hypotlresen
656 4064 847 4144 aufgestellt,
870 4062 949 4125 doch
973 4064 1018 4125 ist
1037 4061 1115 4124 noch
1138 4061 1261 4123 λείηναν
1279 4060 1450 4140 gelungen‚
1477 4057 1537 4120 mit
1556 4057 1665 4118 dieser

440 4171 714 4252 unergiebz'gen
730 4172 840 4252 Frage
846 4172 958 4252 fertz'g
970 4191 1010 4233 zu
1025 4164 1172 4231 werden.³
1198 4169 1246 4232 Ita
1261 4189 1336 4232 sane
1352 4166 1512 4250 postulare
1528 4165 1662 4239 videtur,

441 4288 474 4340 ut
497 4279 585 4360 quasi
617 4278 716 4341 malus
747 4279 934 4342 architectus
965 4279 995 4340 in
1018 4277 1154 4340 obscuro
1184 4297 1221 4338 ac
1250 4276 1422 4338 tenebroso
1452 4271 1525 4334 loco
1549 4269 1661 4333 funda-

441 4395 613 4467 mentoque
644 4395 795 4468 tanquam
835 4388 864 4446 in
896 4405 977 4466 aqua
1012 4385 1116 4466 posito
1148 4381 1324 4446 aedificium
1355 4383 1519 4443 exstruas!
1568 4376 1663 4459 Quae

441 4503 546 4555 autem
570 4494 711 4556 omnium
739 4493 973 4574 perversissima
995 4499 1027 4552 et
1050 4489 1121 4552 Tibi
1153 4499 1185 4552 et
1208 4487 1416 4567 Bernhardyo
1444 4475 1571 4566 aliisque
1595 4483 1665 4545 visa

441 4609 490 4662 est
513 4599 547 4663 C.
571 4600 606 4661 F.
630 4599 804 4662 Hermanni
827 4598 1010 4681 explicati0,
1043 4617 1113 4659 eam
1138 4598 1201 4659 duo
1225 4615 1324 4676 nuper
1347 4594 1402 4656 viri
1425 4591 1662 4655 defendendam

440 4716 656 4790 susceperunt,
689 4726 800 4769 censor
823 4705 873 4768 ille
897 4705 984 4767 Tuus
1007 4703 1174 4766 Kolsterus
1205 4711 1236 4764 et
1260 4699 1444 4782 Leopoldus
1468 4696 1664 4762 Schmidtius

441 4815 685 4895 Marburgensis.
732 4813 802 4876 Vos
835 4813 916 4874 enim
949 4832 1020 4873 cum
1052 4809 1176 4872 sublata
1208 4808 1348 4871 eiusdem
1380 4805 1564 4886 tetralogiae
1587 4822 1662 4864 con-
