<?xml version="1.0" encoding="UTF-8"?>
<!DOCTYPE html PUBLIC "-//W3C//DTD XHTML 1.0 Transitional//EN"
    "http://www.w3.org/TR/xhtml1/DTD/xhtml1-transitional.dtd">
<html xmlns="http://www.w3.org/1999/xhtml" xml:lang="en" lang="en">
 <head>
  <title>
</title>
<meta http-equiv="Content-Type" content="text/html;charset=utf-8" />
  <meta name='ocr-system' content='tesseract 3.04.00' />
  <meta name='ocr-capabilities' content='ocr_page ocr_carea ocr_par ocr_line ocrx_word'/>
</head>
<body>
  <div class='ocr_page' id='page_1' title='image "./rudolfischoelli00schogoog_0030.png"; bbox 0 0 3706 5876; ppageno 0'>
   <div class='ocr_carea' id='block_1_1' title="bbox 685 567 907 628">
    <p class='ocr_par' dir='ltr' id='par_1_1' title="bbox 685 567 907 628">
     <span class='ocr_line' id='line_1_1' title="bbox 685 567 907 628; baseline 0.005 -16"><span class='ocrx_word' id='word_1_1' title='bbox 685 567 907 628; x_wconf 78' lang='lat'>..25...</span> 
     </span>
    </p>
   </div>
   <div class='ocr_carea' id='block_1_2' title="bbox 82 735 1413 3172">
    <p class='ocr_par' dir='ltr' id='par_1_2' title="bbox 82 735 1413 3172">
     <span class='ocr_line' id='line_1_2' title="bbox 149 735 1410 826; baseline 0.001 -21"><span class='ocrx_word' id='word_1_2' title='bbox 149 735 368 806; x_wconf 77' lang='lat' dir='ltr'>¹testimoniis</span> <span class='ocrx_word' id='word_1_3' title='bbox 395 745 552 825; x_wconf 76' lang='lat' dir='ltr'>utrimque</span> <span class='ocrx_word' id='word_1_4' title='bbox 583 745 734 825; x_wconf 90' lang='lat' dir='ltr'>depositis</span> <span class='ocrx_word' id='word_1_5' title='bbox 766 746 967 826; x_wconf 80' lang='lat' dir='ltr'>magistratus</span> <span class='ocrx_word' id='word_1_6' title='bbox 997 765 1124 808; x_wconf 90' lang='lat' dir='ltr'>causam</span> <span class='ocrx_word' id='word_1_7' title='bbox 1156 747 1329 826; x_wconf 86' lang='lat' dir='ltr'>cognoscit,</span> <span class='ocrx_word' id='word_1_8' title='bbox 1359 743 1410 807; x_wconf 92' lang='lat' dir='ltr'>vel</span> 
     </span>
     <span class='ocr_line' id='line_1_3' title="bbox 168 848 1411 935; baseline 0.002 -23"><span class='ocrx_word' id='word_1_9' title='bbox 168 851 277 932; x_wconf 79' lang='lat' dir='ltr'>etiam</span> <span class='ocrx_word' id='word_1_10' title='bbox 299 851 495 933; x_wconf 88' lang='lat' dir='ltr'>procedendi</span> <span class='ocrx_word' id='word_1_11' title='bbox 516 848 623 912; x_wconf 92' lang='lat' dir='ltr'>locum</span> <span class='ocrx_word' id='word_1_12' title='bbox 646 871 711 913; x_wconf 91' lang='lat' dir='ltr'>non</span> <span class='ocrx_word' id='word_1_13' title='bbox 735 871 804 914; x_wconf 91' lang='lat' dir='ltr'>esse</span> <span class='ocrx_word' id='word_1_14' title='bbox 827 851 952 914; x_wconf 88' lang='lat' dir='ltr'>decidit.</span> <span class='ocrx_word' id='word_1_15' title='bbox 999 852 1097 935; x_wconf 86' lang='lat' dir='ltr'>Quod</span> <span class='ocrx_word' id='word_1_16' title='bbox 1120 853 1226 914; x_wconf 86' lang='lat' dir='ltr'>valere</span> <span class='ocrx_word' id='word_1_17' title='bbox 1249 854 1345 916; x_wconf 91' lang='lat' dir='ltr'>etiam</span> <span class='ocrx_word' id='word_1_18' title='bbox 1369 854 1411 915; x_wconf 91' lang='lat' dir='ltr'>de</span> 
     </span>
     <span class='ocr_line' id='line_1_4' title="bbox 175 940 1411 1041; baseline 0.005 -23"><span class='ocrx_word' id='word_1_19' title='bbox 175 955 366 1038; x_wconf 89' lang='lat' dir='ltr'>logistarum</span> <span class='ocrx_word' id='word_1_20' title='bbox 389 958 602 1019; x_wconf 89' lang='lat' dir='ltr'>iurisdictione</span> <span class='ocrx_word' id='word_1_21' title='bbox 624 977 719 1039; x_wconf 91' lang='lat' dir='ltr'>supra</span> <span class='ocrx_word' id='word_1_22' title='bbox 741 957 861 1020; x_wconf 91' lang='lat' dir='ltr'>dictum</span> <span class='ocrx_word' id='word_1_23' title='bbox 884 967 951 1021; x_wconf 91' lang='lat' dir='ltr'>est:</span> <span class='ocrx_word' id='word_1_24' title='bbox 979 969 1013 1022; x_wconf 91' lang='lat' dir='ltr'>ut</span> <span class='ocrx_word' id='word_1_25' title='bbox 1037 958 1120 1021; x_wconf 89' lang='lat' dir='ltr'>haud</span> <span class='ocrx_word' id='word_1_26' title='bbox 1144 940 1357 1041; x_wconf 88' lang='lat' dir='ltr'>inopportune</span> <span class='ocrx_word' id='word_1_27' title='bbox 1379 961 1411 1024; x_wconf 90' lang='lat' dir='ltr'>in</span> 
     </span>
     <span class='ocr_line' id='line_1_5' title="bbox 177 1042 1411 1146; baseline 0.004 -22"><span class='ocrx_word' id='word_1_28' title='bbox 177 1083 219 1124; x_wconf 88' lang='lat' dir='ltr'>ea</span> <span class='ocrx_word' id='word_1_29' title='bbox 242 1057 276 1124; x_wconf 84' lang='lat' dir='ltr'>re</span> <span class='ocrx_word' id='word_1_30' title='bbox 299 1042 439 1126; x_wconf 88' lang='lat' dir='ltr'>adiuvari</span> <span class='ocrx_word' id='word_1_31' title='bbox 454 1083 473 1124; x_wconf 89' lang='lat' dir='ltr'>a</span> <span class='ocrx_word' id='word_1_32' title='bbox 488 1064 655 1144; x_wconf 89' lang='lat' dir='ltr'>synegoris</span> <span class='ocrx_word' id='word_1_33' title='bbox 680 1064 853 1126; x_wconf 89' lang='lat' dir='ltr'>videantur.</span> <span class='ocrx_word' id='word_1_34' title='bbox 892 1065 1049 1128; x_wconf 86' lang='lat' dir='ltr'>Attamen</span> <span class='ocrx_word' id='word_1_35' title='bbox 1071 1073 1144 1127; x_wconf 90' lang='lat' dir='ltr'>sunt</span> <span class='ocrx_word' id='word_1_36' title='bbox 1166 1086 1249 1146; x_wconf 91' lang='lat' dir='ltr'>quae</span> <span class='ocrx_word' id='word_1_37' title='bbox 1272 1065 1411 1129; x_wconf 86' lang='lat' dir='ltr'>obstent.</span> 
     </span>
     <span class='ocr_line' id='line_1_6' title="bbox 176 1165 1410 1254; baseline 0.005 -24"><span class='ocrx_word' id='word_1_38' title='bbox 176 1169 266 1231; x_wconf 89' lang='lat' dir='ltr'>Nam</span> <span class='ocrx_word' id='word_1_39' title='bbox 289 1171 355 1242; x_wconf 90' lang='lat' dir='ltr'>eius</span> <span class='ocrx_word' id='word_1_40' title='bbox 379 1170 466 1232; x_wconf 93' lang='lat' dir='ltr'>modi</span> <span class='ocrx_word' id='word_1_41' title='bbox 491 1165 670 1254; x_wconf 75' lang='grc' dir='ltr'><strong><em>ἀνάκρισις</em></strong></span> <span class='ocrx_word' id='word_1_42' title='bbox 699 1191 764 1232; x_wconf 91' lang='lat' dir='ltr'>non</span> <span class='ocrx_word' id='word_1_43' title='bbox 787 1171 845 1234; x_wconf 90' lang='lat' dir='ltr'>nisi</span> <span class='ocrx_word' id='word_1_44' title='bbox 866 1171 898 1233; x_wconf 90' lang='lat' dir='ltr'>in</span> <span class='ocrx_word' id='word_1_45' title='bbox 922 1171 1064 1234; x_wconf 87' lang='lat' dir='ltr'>restricto</span> <span class='ocrx_word' id='word_1_46' title='bbox 1088 1192 1221 1235; x_wconf 89' lang='lat' dir='ltr'>numero</span> <span class='ocrx_word' id='word_1_47' title='bbox 1245 1191 1410 1236; x_wconf 88' lang='lat' dir='ltr'>causarum</span> 
     </span>
     <span class='ocr_line' id='line_1_7' title="bbox 178 1275 1411 1358; baseline 0.004 -22"><span class='ocrx_word' id='word_1_48' title='bbox 178 1296 238 1337; x_wconf 94' lang='lat' dir='ltr'>usu</span> <span class='ocrx_word' id='word_1_49' title='bbox 262 1275 427 1350; x_wconf 86' lang='lat' dir='ltr'>veniebat:</span> <span class='ocrx_word' id='word_1_50' title='bbox 453 1278 479 1339; x_wconf 90' lang='lat' dir='ltr'>si</span> <span class='ocrx_word' id='word_1_51' title='bbox 502 1287 556 1338; x_wconf 91' lang='lat' dir='ltr'>aut</span> <span class='ocrx_word' id='word_1_52' title='bbox 580 1275 738 1357; x_wconf 89' lang='lat' dir='ltr'>euthynus</span> <span class='ocrx_word' id='word_1_53' title='bbox 763 1278 983 1358; x_wconf 87' lang='lat' dir='ltr'>magistratum</span> <span class='ocrx_word' id='word_1_54' title='bbox 1007 1287 1170 1340; x_wconf 83' lang='lat' dir='ltr'>accusaret</span> <span class='ocrx_word' id='word_1_55' title='bbox 1191 1288 1246 1341; x_wconf 90' lang='lat' dir='ltr'>aut</span> <span class='ocrx_word' id='word_1_56' title='bbox 1268 1279 1345 1341; x_wconf 88' lang='lat' dir='ltr'>alius</span> <span class='ocrx_word' id='word_1_57' title='bbox 1367 1300 1411 1342; x_wconf 91' lang='lat' dir='ltr'>ex</span> 
     </span>
     <span class='ocr_line' id='line_1_8' title="bbox 178 1366 1411 1466; baseline 0.005 -24"><span class='ocrx_word' id='word_1_58' title='bbox 178 1381 300 1444; x_wconf 90' lang='lat' dir='ltr'>civibus</span> <span class='ocrx_word' id='word_1_59' title='bbox 332 1383 522 1445; x_wconf 88' lang='lat' dir='ltr'>ordinariam</span> <span class='ocrx_word' id='word_1_60' title='bbox 554 1384 713 1445; x_wconf 86' lang='lat' dir='ltr'>actionem</span> <span class='ocrx_word' id='word_1_61' title='bbox 743 1384 937 1448; x_wconf 86' lang='lat' dir='ltr'>intenderet:</span> <span class='ocrx_word' id='word_1_62' title='bbox 971 1405 1046 1447; x_wconf 91' lang='lat' dir='ltr'>nam</span> <span class='ocrx_word' id='word_1_63' title='bbox 1069 1407 1151 1466; x_wconf 88' lang='lat' dir='ltr'>quae</span> <span class='ocrx_word' id='word_1_64' title='bbox 1181 1387 1270 1448; x_wconf 86' lang='lat' dir='ltr'>statis</span> <span class='ocrx_word' id='word_1_65' title='bbox 1299 1366 1411 1448; x_wconf 92' lang='lat' dir='ltr'>diebus</span> 
     </span>
     <span class='ocr_line' id='line_1_9' title="bbox 178 1489 1412 1575; baseline 0.005 -26"><span class='ocrx_word' id='word_1_66' title='bbox 178 1497 387 1575; x_wconf 87' lang='lat' dir='ltr'>postmunus</span> <span class='ocrx_word' id='word_1_67' title='bbox 402 1489 655 1550; x_wconf 89' lang='lat' dir='ltr'>administratum</span> <span class='ocrx_word' id='word_1_68' title='bbox 671 1489 703 1550; x_wconf 91' lang='lat' dir='ltr'>in</span> <span class='ocrx_word' id='word_1_69' title='bbox 721 1490 834 1552; x_wconf 92' lang='lat' dir='ltr'>iudicio</span> <span class='ocrx_word' id='word_1_70' title='bbox 844 1491 1073 1567; x_wconf 88' lang='lat' dir='ltr'>instituebatur,</span> <span class='ocrx_word' id='word_1_71' title='bbox 1097 1493 1278 1573; x_wconf 88' lang='lat' dir='ltr'>cognitione</span> <span class='ocrx_word' id='word_1_72' title='bbox 1300 1493 1331 1554; x_wconf 93' lang='lat' dir='ltr'>in</span> <span class='ocrx_word' id='word_1_73' title='bbox 1347 1493 1412 1556; x_wconf 90' lang='lat' dir='ltr'>iure</span> 
     </span>
     <span class='ocr_line' id='line_1_10' title="bbox 177 1593 1413 1681; baseline 0.005 -25"><span class='ocrx_word' id='word_1_74' title='bbox 177 1615 247 1658; x_wconf 91' lang='lat' dir='ltr'>non</span> <span class='ocrx_word' id='word_1_75' title='bbox 275 1595 444 1676; x_wconf 87' lang='lat' dir='ltr'>indiguisse</span> <span class='ocrx_word' id='word_1_76' title='bbox 471 1595 539 1677; x_wconf 90' lang='lat' dir='ltr'>ipsa</span> <span class='ocrx_word' id='word_1_77' title='bbox 562 1593 720 1659; x_wconf 89' lang='lat' dir='ltr'>Stratonis</span> <span class='ocrx_word' id='word_1_78' title='bbox 749 1617 843 1660; x_wconf 87' lang='lat' dir='ltr'>causa</span> <span class='ocrx_word' id='word_1_79' title='bbox 857 1598 968 1660; x_wconf 72' lang='lat' dir='ltr'>‘docet</span> <span class='ocrx_word' id='word_1_80' title='bbox 998 1598 1137 1660; x_wconf 88' lang='lat' dir='ltr'>absentis</span> <span class='ocrx_word' id='word_1_81' title='bbox 1162 1608 1197 1681; x_wconf 86' lang='lat' dir='ltr'>et</span> <span class='ocrx_word' id='word_1_82' title='bbox 1220 1601 1356 1662; x_wconf 88' lang='lat' dir='ltr'>accusati</span> <span class='ocrx_word' id='word_1_83' title='bbox 1380 1609 1413 1662; x_wconf 86' lang='lat' dir='ltr'>et</span> 
     </span>
     <span class='ocr_line' id='line_1_11' title="bbox 179 1702 1411 1785; baseline 0.003 -21"><span class='ocrx_word' id='word_1_84' title='bbox 179 1702 394 1764; x_wconf 89' lang='lat' dir='ltr'>condemnati.</span> <span class='ocrx_word' id='word_1_85' title='bbox 440 1702 487 1766; x_wconf 90' lang='lat' dir='ltr'>Ut</span> <span class='ocrx_word' id='word_1_86' title='bbox 509 1722 585 1764; x_wconf 88' lang='lat' dir='ltr'>sane</span> <span class='ocrx_word' id='word_1_87' title='bbox 615 1703 765 1784; x_wconf 87' lang='lat' dir='ltr'>synegori</span> <span class='ocrx_word' id='word_1_88' title='bbox 794 1703 955 1785; x_wconf 87' lang='lat' dir='ltr'>provincia</span> <span class='ocrx_word' id='word_1_89' title='bbox 985 1704 1156 1784; x_wconf 91' lang='lat' dir='ltr'>periculum</span> <span class='ocrx_word' id='word_1_90' title='bbox 1187 1706 1228 1768; x_wconf 90' lang='lat' dir='ltr'>sit</span> <span class='ocrx_word' id='word_1_91' title='bbox 1256 1727 1297 1768; x_wconf 92' lang='lat' dir='ltr'>ne</span> <span class='ocrx_word' id='word_1_92' title='bbox 1320 1707 1411 1768; x_wconf 90' lang='lat' dir='ltr'>nimis</span> 
     </span>
     <span class='ocr_line' id='line_1_12' title="bbox 179 1806 1409 1894; baseline 0.005 -24"><span class='ocrx_word' id='word_1_93' title='bbox 179 1807 255 1870; x_wconf 83' lang='lat' dir='ltr'>artis</span> <span class='ocrx_word' id='word_1_94' title='bbox 270 1806 385 1869; x_wconf 88' lang='lat' dir='ltr'>finibus</span> <span class='ocrx_word' id='word_1_95' title='bbox 408 1809 687 1886; x_wconf 81' lang='lat' dir='ltr'>circumscribatur.</span> <span class='ocrx_word' id='word_1_96' title='bbox 726 1810 907 1872; x_wconf 87' lang='lat' dir='ltr'>Aristotelis</span> <span class='ocrx_word' id='word_1_97' title='bbox 931 1819 1038 1872; x_wconf 90' lang='lat' dir='ltr'>autem</span> <span class='ocrx_word' id='word_1_98' title='bbox 1060 1811 1133 1873; x_wconf 91' lang='lat' dir='ltr'>loco</span> <span class='ocrx_word' id='word_1_99' title='bbox 1150 1813 1194 1874; x_wconf 90' lang='lat' dir='ltr'>ita</span> <span class='ocrx_word' id='word_1_100' title='bbox 1216 1812 1329 1875; x_wconf 88' lang='lat' dir='ltr'>saltem</span> <span class='ocrx_word' id='word_1_101' title='bbox 1345 1833 1409 1894; x_wconf 95' lang='lat' dir='ltr'>quo</span> 
     </span>
     <span class='ocr_line' id='line_1_13' title="bbox 179 1912 1407 1998; baseline 0.006 -23"><span class='ocrx_word' id='word_1_102' title='bbox 179 1914 283 1976; x_wconf 90' lang='lat' dir='ltr'>modo</span> <span class='ocrx_word' id='word_1_103' title='bbox 298 1913 329 1975; x_wconf 91' lang='lat' dir='ltr'>in</span> <span class='ocrx_word' id='word_1_104' title='bbox 344 1912 449 1977; x_wconf 89' lang='lat' dir='ltr'>lexico</span> <span class='ocrx_word' id='word_1_105' title='bbox 472 1917 693 1998; x_wconf 88' lang='lat' dir='ltr'>transscriptus</span> <span class='ocrx_word' id='word_1_106' title='bbox 709 1926 757 1979; x_wconf 90' lang='lat' dir='ltr'>est</span> <span class='ocrx_word' id='word_1_107' title='bbox 772 1913 891 1978; x_wconf 90' lang='lat' dir='ltr'>nullum</span> <span class='ocrx_word' id='word_1_108' title='bbox 912 1918 1042 1978; x_wconf 90' lang='lat' dir='ltr'>omnino</span> <span class='ocrx_word' id='word_1_109' title='bbox 1058 1917 1225 1980; x_wconf 89' lang='lat' dir='ltr'>discrimen</span> <span class='ocrx_word' id='word_1_110' title='bbox 1245 1921 1407 1995; x_wconf 84' lang='lat' dir='ltr'>statuitur3</span> 
     </span>
     <span class='ocr_line' id='line_1_14' title="bbox 89 2020 1411 2105; baseline 0.006 -25"><span class='ocrx_word' id='word_1_111' title='bbox 89 2085 92 2092; x_wconf 60' lang='grc'>,</span> <span class='ocrx_word' id='word_1_112' title='bbox 179 2021 281 2084; x_wconf 90' lang='lat' dir='ltr'>immo</span> <span class='ocrx_word' id='word_1_113' title='bbox 313 2029 347 2082; x_wconf 90' lang='lat' dir='ltr'>et</span> <span class='ocrx_word' id='word_1_114' title='bbox 376 2041 459 2102; x_wconf 90' lang='lat' dir='ltr'>quae</span> <span class='ocrx_word' id='word_1_115' title='bbox 481 2024 676 2102; x_wconf 88' lang='lat' dir='ltr'>praecedunt</span> <span class='ocrx_word' id='word_1_116' title='bbox 707 2024 748 2086; x_wconf 90' lang='lat' dir='ltr'>de</span> <span class='ocrx_word' id='word_1_117' title='bbox 776 2020 897 2102; x_wconf 88' lang='lat' dir='ltr'>logistis</span> <span class='ocrx_word' id='word_1_118' title='bbox 929 2032 961 2084; x_wconf 89' lang='lat' dir='ltr'>et</span> <span class='ocrx_word' id='word_1_119' title='bbox 984 2045 1065 2104; x_wconf 91' lang='lat' dir='ltr'>quae</span> <span class='ocrx_word' id='word_1_120' title='bbox 1092 2035 1265 2105; x_wconf 90' lang='lat' dir='ltr'>sequuntur</span> <span class='ocrx_word' id='word_1_121' title='bbox 1296 2025 1411 2088; x_wconf 80' lang='grc' dir='ltr'><strong><em>καλοί</em></strong></span> 
     </span>
     <span class='ocr_line' id='line_1_15' title="bbox 82 2120 1411 2216; baseline 0.005 -30"><span class='ocrx_word' id='word_1_122' title='bbox 82 2170 85 2174; x_wconf 73' lang='lat'><em>,</em></span> <span class='ocrx_word' id='word_1_123' title='bbox 180 2123 242 2196; x_wconf 85' lang='grc' dir='ltr'><strong><em>τάς</em></strong></span> <span class='ocrx_word' id='word_1_124' title='bbox 267 2120 417 2197; x_wconf 73' lang='grc' dir='ltr'><strong><em>εὐθύνας</em></strong></span> <span class='ocrx_word' id='word_1_125' title='bbox 442 2124 593 2198; x_wconf 78' lang='grc' dir='ltr'><strong><em>διδόντες</em></strong></span> <span class='ocrx_word' id='word_1_126' title='bbox 616 2126 713 2213; x_wconf 84' lang='grc' dir='ltr'><strong><em>παρὰ</em></strong></span> <span class='ocrx_word' id='word_1_127' title='bbox 734 2124 867 2198; x_wconf 76' lang='grc' dir='ltr'><strong><em>τούτοις</em></strong></span> <span class='ocrx_word' id='word_1_128' title='bbox 892 2124 1136 2211; x_wconf 88' lang='grc' dir='ltr'><strong><em>ἀνακρίνονται</em></strong></span> <span class='ocrx_word' id='word_1_129' title='bbox 1162 2133 1311 2216; x_wconf 75' lang='grc' dir='ltr'><strong><em>πρῶτον,</em></strong></span> <span class='ocrx_word' id='word_1_130' title='bbox 1336 2125 1411 2194; x_wconf 77' lang='grc' dir='ltr'><strong><em>εἶτα</em></strong></span> 
     </span>
     <span class='ocr_line' id='line_1_16' title="bbox 181 2231 1411 2319; baseline 0.007 -27"><span class='ocrx_word' id='word_1_131' title='bbox 181 2232 336 2312; x_wconf 75' lang='grc' dir='ltr'>ἐφίενται</span> <span class='ocrx_word' id='word_1_132' title='bbox 368 2232 416 2304; x_wconf 82' lang='grc' dir='ltr'><strong><em>είς</em></strong></span> <span class='ocrx_word' id='word_1_133' title='bbox 445 2231 483 2296; x_wconf 88' lang='grc' dir='ltr'>τὸ</span> <span class='ocrx_word' id='word_1_134' title='bbox 508 2232 724 2319; x_wconf 78' lang='grc' dir='ltr'><strong><em>δικαστήριον</em></strong></span> <span class='ocrx_word' id='word_1_135' title='bbox 755 2234 803 2306; x_wconf 81' lang='grc' dir='ltr'><strong><em>είς</em></strong></span> <span class='ocrx_word' id='word_1_136' title='bbox 840 2233 900 2297; x_wconf 72' lang='grc' dir='ltr'><strong><em>ἕνα</em></strong></span> <span class='ocrx_word' id='word_1_137' title='bbox 938 2237 996 2296; x_wconf 82' lang='grc' dir='ltr'><strong><em>καὶ</em></strong></span> <span class='ocrx_word' id='word_1_138' title='bbox 1023 2241 1266 2308; x_wconf 77' lang='grc' dir='ltr'><strong><em>πεντακοσίους</em></strong></span> <span class='ocrx_word' id='word_1_139' title='bbox 1298 2260 1338 2300; x_wconf 91' lang='lat' dir='ltr'>ne</span> <span class='ocrx_word' id='word_1_140' title='bbox 1369 2239 1411 2302; x_wconf 89' lang='lat' dir='ltr'>de</span> 
     </span>
     <span class='ocr_line' id='line_1_17' title="bbox 180 2341 1411 2426; baseline 0.005 -24"><span class='ocrx_word' id='word_1_141' title='bbox 180 2341 240 2403; x_wconf 91' lang='lat' dir='ltr'>reis</span> <span class='ocrx_word' id='word_1_142' title='bbox 262 2341 393 2422; x_wconf 91' lang='lat' dir='ltr'>quidem</span> <span class='ocrx_word' id='word_1_143' title='bbox 423 2343 657 2421; x_wconf 89' lang='lat' dir='ltr'>magistratibus</span> <span class='ocrx_word' id='word_1_144' title='bbox 688 2343 822 2406; x_wconf 89' lang='lat' dir='ltr'>seorsim</span> <span class='ocrx_word' id='word_1_145' title='bbox 846 2345 1004 2419; x_wconf 90' lang='lat' dir='ltr'>dicuntur,</span> <span class='ocrx_word' id='word_1_146' title='bbox 1036 2364 1146 2405; x_wconf 90' lang='lat' dir='ltr'>verum</span> <span class='ocrx_word' id='word_1_147' title='bbox 1174 2365 1275 2426; x_wconf 88' lang='lat' dir='ltr'>aeque</span> <span class='ocrx_word' id='word_1_148' title='bbox 1299 2366 1411 2408; x_wconf 90' lang='lat' dir='ltr'>omnes</span> 
     </span>
     <span class='ocr_line' id='line_1_18' title="bbox 179 2441 1411 2532; baseline 0.002 -24"><span class='ocrx_word' id='word_1_149' title='bbox 179 2443 257 2516; x_wconf 83' lang='grc' dir='ltr'><strong><em>τούς</em></strong></span> <span class='ocrx_word' id='word_1_150' title='bbox 285 2444 345 2518; x_wconf 83' lang='grc' dir='ltr'><strong><em>τὰς</em></strong></span> <span class='ocrx_word' id='word_1_151' title='bbox 376 2441 521 2518; x_wconf 74' lang='grc' dir='ltr'><strong><em>εὐθύνας</em></strong></span> <span class='ocrx_word' id='word_1_152' title='bbox 553 2445 706 2519; x_wconf 80' lang='grc' dir='ltr'><strong><em>διδόντας</em></strong></span> <span class='ocrx_word' id='word_1_153' title='bbox 738 2451 998 2531; x_wconf 88' lang='lat' dir='ltr'>complectuntur.</span> <span class='ocrx_word' id='word_1_154' title='bbox 1044 2453 1176 2513; x_wconf 88' lang='lat' dir='ltr'>Accedit</span> <span class='ocrx_word' id='word_1_155' title='bbox 1208 2453 1296 2532; x_wconf 88' lang='lat' dir='ltr'>quod</span> <span class='ocrx_word' id='word_1_156' title='bbox 1328 2447 1411 2513; x_wconf 90' lang='grc' dir='ltr'><strong><em>ἀνα-</em></strong></span> 
     </span>
     <span class='ocr_line' id='line_1_19' title="bbox 181 2550 1411 2639; baseline 0.006 -25"><span class='ocrx_word' id='word_1_157' title='bbox 181 2557 355 2639; x_wconf 86' lang='grc' dir='ltr'><strong><em>κρίνονται</em></strong></span> <span class='ocrx_word' id='word_1_158' title='bbox 388 2556 443 2632; x_wconf 89' lang='lat' dir='ltr'>(ita</span> <span class='ocrx_word' id='word_1_159' title='bbox 473 2556 556 2618; x_wconf 87' lang='lat' dir='ltr'>enim</span> <span class='ocrx_word' id='word_1_160' title='bbox 591 2576 650 2636; x_wconf 91' lang='lat' dir='ltr'>pro</span> <span class='ocrx_word' id='word_1_161' title='bbox 683 2550 924 2638; x_wconf 73' lang='grc' dir='ltr'><strong><em>ἀνακρίνοντες</em></strong></span> <span class='ocrx_word' id='word_1_162' title='bbox 955 2557 1169 2632; x_wconf 89' lang='lat' dir='ltr'>scribendum)</span> <span class='ocrx_word' id='word_1_163' title='bbox 1197 2559 1239 2619; x_wconf 91' lang='lat' dir='ltr'>de</span> <span class='ocrx_word' id='word_1_164' title='bbox 1269 2561 1411 2639; x_wconf 90' lang='lat' dir='ltr'>personis</span> 
     </span>
     <span class='ocr_line' id='line_1_20' title="bbox 182 2663 1408 2743; baseline 0.003 -20"><span class='ocrx_word' id='word_1_165' title='bbox 182 2663 425 2743; x_wconf 84' lang='lat' dir='ltr'>magistratuum</span> <span class='ocrx_word' id='word_1_166' title='bbox 448 2663 568 2724; x_wconf 90' lang='lat' dir='ltr'>dictum</span> <span class='ocrx_word' id='word_1_167' title='bbox 592 2682 703 2743; x_wconf 87' lang='lat' dir='ltr'>parum</span> <span class='ocrx_word' id='word_1_168' title='bbox 728 2664 876 2725; x_wconf 91' lang='lat' dir='ltr'>convenit</span> <span class='ocrx_word' id='word_1_169' title='bbox 899 2665 948 2724; x_wconf 91' lang='lat' dir='ltr'>isti</span> <span class='ocrx_word' id='word_1_170' title='bbox 971 2664 1092 2726; x_wconf 90' lang='lat' dir='ltr'>notioni</span> <span class='ocrx_word' id='word_1_171' title='bbox 1115 2665 1246 2726; x_wconf 89' lang='lat' dir='ltr'>actionis</span> <span class='ocrx_word' id='word_1_172' title='bbox 1273 2665 1303 2725; x_wconf 91' lang='lat' dir='ltr'>in</span> <span class='ocrx_word' id='word_1_173' title='bbox 1327 2666 1408 2728; x_wconf 89' lang='lat' dir='ltr'>iure:</span> 
     </span>
     <span class='ocr_line' id='line_1_21' title="bbox 182 2764 1412 2852; baseline 0.001 -22"><span class='ocrx_word' id='word_1_174' title='bbox 182 2788 255 2830; x_wconf 91' lang='lat' dir='ltr'>cum</span> <span class='ocrx_word' id='word_1_175' title='bbox 291 2789 334 2829; x_wconf 91' lang='lat' dir='ltr'>ex</span> <span class='ocrx_word' id='word_1_176' title='bbox 364 2766 423 2829; x_wconf 84' lang='lat' dir='ltr'>lori</span> <span class='ocrx_word' id='word_1_177' title='bbox 454 2767 554 2830; x_wconf 91' lang='lat' dir='ltr'>Attici</span> <span class='ocrx_word' id='word_1_178' title='bbox 585 2790 642 2831; x_wconf 95' lang='lat' dir='ltr'>usu</span> <span class='ocrx_word' id='word_1_179' title='bbox 673 2769 799 2831; x_wconf 89' lang='lat' dir='ltr'>dicendi</span> <span class='ocrx_word' id='word_1_180' title='bbox 830 2771 869 2830; x_wconf 90' lang='lat' dir='ltr'>sit</span> <span class='ocrx_word' id='word_1_181' title='bbox 902 2764 1096 2851; x_wconf 80' lang='grc' dir='ltr'><strong><em>ἀνακρίνειν</em></strong></span> <span class='ocrx_word' id='word_1_182' title='bbox 1127 2767 1184 2851; x_wconf 80' lang='grc' dir='ltr'><strong><em>τὴν</em></strong></span> <span class='ocrx_word' id='word_1_183' title='bbox 1216 2769 1322 2852; x_wconf 77' lang='grc' dir='ltr'><strong><em>δίκην,</em></strong></span> <span class='ocrx_word' id='word_1_184' title='bbox 1354 2768 1412 2851; x_wconf 77' lang='grc' dir='ltr'><strong><em>τὴν</em></strong></span> 
     </span>
     <span class='ocr_line' id='line_1_22' title="bbox 181 2870 1410 2958; baseline 0.006 -24"><span class='ocrx_word' id='word_1_185' title='bbox 181 2870 355 2957; x_wconf 52' lang='lat' dir='ltr'>maerim</span> <span class='ocrx_word' id='word_1_186' title='bbox 403 2874 608 2957; x_wconf 85' lang='lat' dir='ltr'>Quamquam</span> <span class='ocrx_word' id='word_1_187' title='bbox 639 2876 704 2938; x_wconf 92' lang='lat' dir='ltr'>hoc</span> <span class='ocrx_word' id='word_1_188' title='bbox 726 2896 791 2937; x_wconf 88' lang='lat' dir='ltr'>non</span> <span class='ocrx_word' id='word_1_189' title='bbox 813 2876 905 2938; x_wconf 90' lang='lat' dir='ltr'>nimis</span> <span class='ocrx_word' id='word_1_190' title='bbox 929 2897 1073 2958; x_wconf 87' lang='lat' dir='ltr'>urgeam,</span> <span class='ocrx_word' id='word_1_191' title='bbox 1105 2897 1177 2939; x_wconf 92' lang='lat' dir='ltr'>cum</span> <span class='ocrx_word' id='word_1_192' title='bbox 1200 2879 1270 2958; x_wconf 95' lang='lat' dir='ltr'>quis</span> <span class='ocrx_word' id='word_1_193' title='bbox 1292 2876 1410 2940; x_wconf 87' lang='lat' dir='ltr'>lexico-</span> 
     </span>
     <span class='ocr_line' id='line_1_23' title="bbox 182 2980 1411 3062; baseline 0.003 -20"><span class='ocrx_word' id='word_1_194' title='bbox 182 2980 306 3062; x_wconf 87' lang='lat' dir='ltr'>grapho</span> <span class='ocrx_word' id='word_1_195' title='bbox 328 2982 434 3061; x_wconf 90' lang='lat' dir='ltr'>potius</span> <span class='ocrx_word' id='word_1_196' title='bbox 466 2983 519 3062; x_wconf 91' lang='lat' dir='ltr'>qui</span> <span class='ocrx_word' id='word_1_197' title='bbox 548 2981 608 3043; x_wconf 92' lang='lat' dir='ltr'>ista</span> <span class='ocrx_word' id='word_1_198' title='bbox 631 3003 673 3044; x_wconf 91' lang='lat' dir='ltr'>ex</span> <span class='ocrx_word' id='word_1_199' title='bbox 697 2982 872 3045; x_wconf 84' lang='lat' dir='ltr'>Aristotele</span> <span class='ocrx_word' id='word_1_200' title='bbox 895 2983 1009 3045; x_wconf 88' lang='lat' dir='ltr'>hausta</span> <span class='ocrx_word' id='word_1_201' title='bbox 1038 2984 1069 3045; x_wconf 93' lang='lat' dir='ltr'>in</span> <span class='ocrx_word' id='word_1_202' title='bbox 1092 2983 1218 3046; x_wconf 91' lang='lat' dir='ltr'>brevius</span> <span class='ocrx_word' id='word_1_203' title='bbox 1242 2985 1411 3061; x_wconf 86' lang='lat' dir='ltr'>contraxit,</span> 
     </span>
     <span class='ocr_line' id='line_1_24' title="bbox 181 3053 1236 3172; baseline 0.003 -23"><span class='ocrx_word' id='word_1_204' title='bbox 181 3087 320 3149; x_wconf 89' lang='lat' dir='ltr'>tribuere</span> <span class='ocrx_word' id='word_1_205' title='bbox 341 3088 442 3169; x_wconf 89' lang='lat' dir='ltr'>possit</span> <span class='ocrx_word' id='word_1_206' title='bbox 464 3088 581 3169; x_wconf 88' lang='lat' dir='ltr'>pariter</span> <span class='ocrx_word' id='word_1_207' title='bbox 604 3096 699 3168; x_wconf 89' lang='lat' dir='ltr'>atque</span> <span class='ocrx_word' id='word_1_208' title='bbox 723 3053 900 3172; x_wconf 53' lang='lat' dir='ltr'>alpoivcbr</span> <span class='ocrx_word' id='word_1_209' title='bbox 924 3089 1012 3170; x_wconf 93' lang='lat' dir='ltr'>quod</span> <span class='ocrx_word' id='word_1_210' title='bbox 1035 3090 1236 3170; x_wconf 69' lang='lat' dir='ltr'>praecedit.²l</span> 
     </span>
    </p>
   </div>
   <div class='ocr_carea' id='block_1_3' title="bbox 181 3275 1414 4877">
    <p class='ocr_par' dir='ltr' id='par_1_3' title="bbox 181 3275 1413 3906">
     <span class='ocr_line' id='line_1_25' title="bbox 182 3275 1411 3367; baseline 0.004 -19"><span class='ocrx_word' id='word_1_211' title='bbox 182 3306 259 3350; x_wconf 84' lang='lat' dir='ltr'>esset:</span> <span class='ocrx_word' id='word_1_212' title='bbox 280 3275 367 3363; x_wconf 85' lang='lat' dir='ltr'>parum</span> <span class='ocrx_word' id='word_1_213' title='bbox 381 3299 407 3347; x_wconf 87' lang='lat' dir='ltr'>id</span> <span class='ocrx_word' id='word_1_214' title='bbox 420 3300 590 3363; x_wconf 86' lang='lat' dir='ltr'>probabiliter.</span> <span class='ocrx_word' id='word_1_215' title='bbox 623 3301 661 3349; x_wconf 86' lang='lat' dir='ltr'>Eo</span> <span class='ocrx_word' id='word_1_216' title='bbox 675 3301 754 3350; x_wconf 88' lang='lat' dir='ltr'>minus</span> <span class='ocrx_word' id='word_1_217' title='bbox 768 3301 833 3350; x_wconf 87' lang='lat' dir='ltr'>enim</span> <span class='ocrx_word' id='word_1_218' title='bbox 847 3301 1034 3365; x_wconf 88' lang='lat' dir='ltr'>intellegeretur,</span> <span class='ocrx_word' id='word_1_219' title='bbox 1054 3302 1135 3350; x_wconf 91' lang='lat' dir='ltr'>curin</span> <span class='ocrx_word' id='word_1_220' title='bbox 1148 3302 1293 3366; x_wconf 89' lang='lat' dir='ltr'>logisteriis</span> <span class='ocrx_word' id='word_1_221' title='bbox 1312 3305 1411 3367; x_wconf 87' lang='lat' dir='ltr'>euthyni</span> 
     </span>
     <span class='ocr_line' id='line_1_26' title="bbox 181 3388 1411 3455; baseline 0.006 -20"><span class='ocrx_word' id='word_1_222' title='bbox 181 3388 355 3451; x_wconf 86' lang='lat' dir='ltr'>magistratum</span> <span class='ocrx_word' id='word_1_223' title='bbox 374 3403 441 3436; x_wconf 89' lang='lat' dir='ltr'>reum</span> <span class='ocrx_word' id='word_1_224' title='bbox 455 3404 529 3452; x_wconf 86' lang='lat' dir='ltr'>agere</span> <span class='ocrx_word' id='word_1_225' title='bbox 542 3389 567 3437; x_wconf 93' lang='lat' dir='ltr'>in</span> <span class='ocrx_word' id='word_1_226' title='bbox 580 3389 725 3437; x_wconf 87' lang='lat' dir='ltr'>Patroclidis</span> <span class='ocrx_word' id='word_1_227' title='bbox 744 3389 843 3439; x_wconf 88' lang='lat' dir='ltr'>decreto</span> <span class='ocrx_word' id='word_1_228' title='bbox 862 3389 982 3440; x_wconf 86' lang='lat' dir='ltr'>dicantur.</span> <span class='ocrx_word' id='word_1_229' title='bbox 1016 3391 1047 3439; x_wconf 89' lang='lat' dir='ltr'>Et</span> <span class='ocrx_word' id='word_1_230' title='bbox 1059 3390 1186 3455; x_wconf 90' lang='lat' dir='ltr'>improbat</span> <span class='ocrx_word' id='word_1_231' title='bbox 1198 3392 1337 3441; x_wconf 79' lang='lat' dir='ltr'>Boeclrhius</span> <span class='ocrx_word' id='word_1_232' title='bbox 1350 3409 1411 3442; x_wconf 90' lang='lat' dir='ltr'>mus.</span> 
     </span>
     <span class='ocr_line' id='line_1_27' title="bbox 182 3474 1413 3546; baseline 0.006 -23"><span class='ocrx_word' id='word_1_233' title='bbox 182 3477 251 3527; x_wconf 91' lang='lat' dir='ltr'>rhen.</span> <span class='ocrx_word' id='word_1_234' title='bbox 270 3476 282 3524; x_wconf 93' lang='lat' dir='ltr'>I</span> <span class='ocrx_word' id='word_1_235' title='bbox 303 3474 352 3527; x_wconf 80' lang='lat'>94:</span> <span class='ocrx_word' id='word_1_236' title='bbox 385 3477 405 3525; x_wconf 92' lang='lat' dir='ltr'>is</span> <span class='ocrx_word' id='word_1_237' title='bbox 424 3483 507 3526; x_wconf 84' lang='lat' dir='ltr'>tamen</span> <span class='ocrx_word' id='word_1_238' title='bbox 532 3493 588 3526; x_wconf 92' lang='lat' dir='ltr'>cum</span> <span class='ocrx_word' id='word_1_239' title='bbox 613 3483 693 3526; x_wconf 81' lang='lat' dir='ltr'>sumat</span> <span class='ocrx_word' id='word_1_240' title='bbox 712 3477 822 3541; x_wconf 89' lang='lat' dir='ltr'>singulos</span> <span class='ocrx_word' id='word_1_241' title='bbox 846 3479 948 3543; x_wconf 88' lang='lat' dir='ltr'>logistas</span> <span class='ocrx_word' id='word_1_242' title='bbox 974 3495 1029 3528; x_wconf 89' lang='lat' dir='ltr'>cum</span> <span class='ocrx_word' id='word_1_243' title='bbox 1053 3479 1153 3543; x_wconf 90' lang='lat' dir='ltr'>singulis</span> <span class='ocrx_word' id='word_1_244' title='bbox 1172 3481 1283 3543; x_wconf 89' lang='lat' dir='ltr'>euthynis</span> <span class='ocrx_word' id='word_1_245' title='bbox 1301 3480 1413 3546; x_wconf 89' lang='lat' dir='ltr'>binisque</span> 
     </span>
     <span class='ocr_line' id='line_1_28' title="bbox 183 3563 1411 3641; baseline 0.005 -28"><span class='ocrx_word' id='word_1_246' title='bbox 183 3565 346 3614; x_wconf 88' lang='lat' dir='ltr'>assessoribus</span> <span class='ocrx_word' id='word_1_247' title='bbox 364 3581 409 3614; x_wconf 93' lang='lat' dir='ltr'>suo</span> <span class='ocrx_word' id='word_1_248' title='bbox 422 3582 543 3630; x_wconf 88' lang='lat' dir='ltr'>quemque</span> <span class='ocrx_word' id='word_1_249' title='bbox 556 3567 612 3616; x_wconf 90' lang='lat' dir='ltr'>loco</span> <span class='ocrx_word' id='word_1_250' title='bbox 632 3567 739 3616; x_wconf 88' lang='lat' dir='ltr'>rationes</span> <span class='ocrx_word' id='word_1_251' title='bbox 752 3568 868 3631; x_wconf 88' lang='lat' dir='ltr'>repetisse</span> <span class='ocrx_word' id='word_1_252' title='bbox 881 3583 911 3616; x_wconf 82' lang='lat' dir='ltr'>ac</span> <span class='ocrx_word' id='word_1_253' title='bbox 924 3569 1011 3616; x_wconf 87' lang='lat' dir='ltr'>decem</span> <span class='ocrx_word' id='word_1_254' title='bbox 1024 3567 1097 3616; x_wconf 84' lang='lat' dir='ltr'>fuisse</span> <span class='ocrx_word' id='word_1_255' title='bbox 1109 3563 1265 3641; x_wconf 78' lang='grc' dir='ltr'><strong><em>λογιστήρια</em></strong></span> <span class='ocrx_word' id='word_1_256' title='bbox 1278 3570 1411 3619; x_wconf 88' lang='lat' dir='ltr'>secundum</span> 
     </span>
     <span class='ocr_line' id='line_1_29' title="bbox 182 3653 1411 3720; baseline 0.007 -18"><span class='ocrx_word' id='word_1_257' title='bbox 182 3653 290 3702; x_wconf 88' lang='lat' dir='ltr'>tribuum</span> <span class='ocrx_word' id='word_1_258' title='bbox 308 3671 452 3704; x_wconf 86' lang='lat' dir='ltr'>numerum:</span> <span class='ocrx_word' id='word_1_259' title='bbox 478 3655 503 3703; x_wconf 94' lang='lat' dir='ltr'>id</span> <span class='ocrx_word' id='word_1_260' title='bbox 522 3657 596 3704; x_wconf 91' lang='lat' dir='ltr'>nimis</span> <span class='ocrx_word' id='word_1_261' title='bbox 614 3657 750 3719; x_wconf 89' lang='lat' dir='ltr'>quaesitum</span> <span class='ocrx_word' id='word_1_262' title='bbox 769 3656 865 3705; x_wconf 90' lang='lat' dir='ltr'>videtur</span> <span class='ocrx_word' id='word_1_263' title='bbox 880 3672 955 3720; x_wconf 86' lang='lat' dir='ltr'>quam</span> <span class='ocrx_word' id='word_1_264' title='bbox 974 3657 1042 3720; x_wconf 89' lang='lat' dir='ltr'>quod</span> <span class='ocrx_word' id='word_1_265' title='bbox 1060 3657 1224 3720; x_wconf 89' lang='lat' dir='ltr'>persuadendi</span> <span class='ocrx_word' id='word_1_266' title='bbox 1243 3658 1294 3706; x_wconf 92' lang='lat' dir='ltr'>vim</span> <span class='ocrx_word' id='word_1_267' title='bbox 1311 3659 1411 3710; x_wconf 87' lang='lat' dir='ltr'>habeat.</span> 
     </span>
     <span class='ocr_line' id='line_1_30' title="bbox 182 3743 1413 3808; baseline 0.005 -17"><span class='ocrx_word' id='word_1_268' title='bbox 182 3769 216 3779; x_wconf 98' lang='lat'>-</span> <span class='ocrx_word' id='word_1_269' title='bbox 230 3744 354 3807; x_wconf 86' lang='lat' dir='ltr'>Apposite</span> <span class='ocrx_word' id='word_1_270' title='bbox 373 3743 479 3793; x_wconf 82' lang='lat' dir='ltr'>conferri</span> <span class='ocrx_word' id='word_1_271' title='bbox 498 3745 588 3808; x_wconf 88' lang='lat' dir='ltr'>poterit</span> <span class='ocrx_word' id='word_1_272' title='bbox 607 3744 674 3808; x_wconf 90' lang='lat' dir='ltr'>quod</span> <span class='ocrx_word' id='word_1_273' title='bbox 692 3745 718 3792; x_wconf 89' lang='lat' dir='ltr'>iu</span> <span class='ocrx_word' id='word_1_274' title='bbox 737 3743 946 3793; x_wconf 85' lang='lat' dir='ltr'>Gambreotarum</span> <span class='ocrx_word' id='word_1_275' title='bbox 971 3743 1039 3793; x_wconf 87' lang='lat' dir='ltr'>titulo</span> <span class='ocrx_word' id='word_1_276' title='bbox 1059 3744 1118 3794; x_wconf 87' lang='lat' dir='ltr'>CIG</span> <span class='ocrx_word' id='word_1_277' title='bbox 1136 3745 1161 3794; x_wconf 94' lang='lat' dir='ltr'>II</span> <span class='ocrx_word' id='word_1_278' title='bbox 1180 3743 1250 3798; x_wconf 77' lang='lat'>3562</span> <span class='ocrx_word' id='word_1_279' title='bbox 1268 3763 1292 3798; x_wconf 93' lang='lat' dir='ltr'>v.</span> <span class='ocrx_word' id='word_1_280' title='bbox 1306 3744 1340 3799; x_wconf 82' lang='lat'>35</span> <span class='ocrx_word' id='word_1_281' title='bbox 1359 3763 1413 3797; x_wconf 87' lang='lat' dir='ltr'>ero-</span> 
     </span>
     <span class='ocr_line' id='line_1_31' title="bbox 182 3828 1412 3906; baseline 0.006 -28"><span class='ocrx_word' id='word_1_282' title='bbox 182 3831 290 3895; x_wconf 83' lang='lat' dir='ltr'>gationis</span> <span class='ocrx_word' id='word_1_283' title='bbox 302 3832 366 3880; x_wconf 87' lang='lat' dir='ltr'>ratio</span> <span class='ocrx_word' id='word_1_284' title='bbox 379 3832 450 3880; x_wconf 90' lang='lat' dir='ltr'>reddi</span> <span class='ocrx_word' id='word_1_285' title='bbox 464 3832 559 3882; x_wconf 90' lang='lat' dir='ltr'>iubetur</span> <span class='ocrx_word' id='word_1_286' title='bbox 577 3831 621 3901; x_wconf 76' lang='grc' dir='ltr'>τῷ</span> <span class='ocrx_word' id='word_1_287' title='bbox 639 3828 757 3905; x_wconf 83' lang='grc' dir='ltr'><strong><em>πρώτῳ</em></strong></span> <span class='ocrx_word' id='word_1_288' title='bbox 776 3832 993 3906; x_wconf 78' lang='grc' dir='ltr'><strong><em>λογιστηρίῳ,</em></strong></span> <span class='ocrx_word' id='word_1_289' title='bbox 1012 3834 1028 3885; x_wconf 92' lang='lat' dir='ltr'>i.</span> <span class='ocrx_word' id='word_1_290' title='bbox 1036 3850 1057 3886; x_wconf 91' lang='lat' dir='ltr'>e.</span> <span class='ocrx_word' id='word_1_291' title='bbox 1070 3835 1151 3898; x_wconf 91' lang='lat' dir='ltr'>primo</span> <span class='ocrx_word' id='word_1_292' title='bbox 1165 3835 1246 3882; x_wconf 89' lang='lat' dir='ltr'>ordini</span> <span class='ocrx_word' id='word_1_293' title='bbox 1258 3835 1412 3899; x_wconf 85' lang='lat' dir='ltr'>logistarum.</span> 
     </span>
    </p>

    <p class='ocr_par' dir='ltr' id='par_1_4' title="bbox 183 3919 1413 4342">
     <span class='ocr_line' id='line_1_32' title="bbox 275 3919 1413 3989; baseline 0.002 -17"><span class='ocrx_word' id='word_1_294' title='bbox 275 3920 299 3984; x_wconf 88' lang='lat'>1)</span> <span class='ocrx_word' id='word_1_295' title='bbox 319 3920 350 3970; x_wconf 87' lang='lat' dir='ltr'>cl.</span> <span class='ocrx_word' id='word_1_296' title='bbox 370 3921 449 3970; x_wconf 90' lang='lat' dir='ltr'>Meier</span> <span class='ocrx_word' id='word_1_297' title='bbox 467 3927 490 3970; x_wconf 88' lang='lat' dir='ltr'>et</span> <span class='ocrx_word' id='word_1_298' title='bbox 509 3921 667 3971; x_wconf 84' lang='lat' dir='ltr'>Schoemann</span> <span class='ocrx_word' id='word_1_299' title='bbox 685 3923 737 3971; x_wconf 81' lang='grc' dir='ltr'><strong><em>Αιί.</em></strong></span> <span class='ocrx_word' id='word_1_300' title='bbox 758 3923 830 3973; x_wconf 84' lang='lat' dir='ltr'>Proc.</span> <span class='ocrx_word' id='word_1_301' title='bbox 849 3939 874 3986; x_wconf 93' lang='lat' dir='ltr'>p.</span> <span class='ocrx_word' id='word_1_302' title='bbox 889 3920 923 3973; x_wconf 77' lang='lat'>28</span> <span class='ocrx_word' id='word_1_303' title='bbox 942 3939 966 3974; x_wconf 89' lang='lat' dir='ltr'>n.</span> <span class='ocrx_word' id='word_1_304' title='bbox 980 3919 1068 3976; x_wconf 69' lang='lat'>62211.</span> <span class='ocrx_word' id='word_1_305' title='bbox 1105 3923 1180 3988; x_wconf 85' lang='lat' dir='ltr'>Apud</span> <span class='ocrx_word' id='word_1_306' title='bbox 1199 3923 1294 3972; x_wconf 87' lang='lat' dir='ltr'>Isaeum</span> <span class='ocrx_word' id='word_1_307' title='bbox 1313 3925 1413 3989; x_wconf 91' lang='lat' dir='ltr'>quidem</span> 
     </span>
     <span class='ocr_line' id='line_1_33' title="bbox 184 4003 1411 4080; baseline 0.003 -19"><span class='ocrx_word' id='word_1_308' title='bbox 184 4007 208 4071; x_wconf 85' lang='grc'>5,</span> <span class='ocrx_word' id='word_1_309' title='bbox 222 4007 256 4062; x_wconf 77' lang='lat'>32</span> <span class='ocrx_word' id='word_1_310' title='bbox 274 4003 473 4080; x_wconf 82' lang='grc' dir='ltr'><strong><em>ἀνακρίναντες</em></strong></span> <span class='ocrx_word' id='word_1_311' title='bbox 485 4005 513 4062; x_wconf 75' lang='grc' dir='ltr'>δ’</span> <span class='ocrx_word' id='word_1_312' title='bbox 528 4007 602 4080; x_wconf 76' lang='grc' dir='ltr'><strong><em>ἡμᾶς</em></strong></span> <span class='ocrx_word' id='word_1_313' title='bbox 613 4007 738 4068; x_wconf 82' lang='grc' dir='ltr'><strong><em>πολλάκις</em></strong></span> <span class='ocrx_word' id='word_1_314' title='bbox 752 4039 786 4048; x_wconf 89' lang='grc'>-</span> <span class='ocrx_word' id='word_1_315' title='bbox 799 4010 825 4063; x_wconf 81' lang='grc' dir='ltr'>οἱ</span> <span class='ocrx_word' id='word_1_316' title='bbox 838 4011 986 4075; x_wconf 81' lang='grc' dir='ltr'><strong><em>διαιτηταί·</em></strong></span> <span class='ocrx_word' id='word_1_317' title='bbox 999 4017 1025 4060; x_wconf 92' lang='lat' dir='ltr'>ut</span> <span class='ocrx_word' id='word_1_318' title='bbox 1041 4007 1115 4080; x_wconf 78' lang='grc' dir='ltr'><strong><em>ἡμᾶς</em></strong></span> <span class='ocrx_word' id='word_1_319' title='bbox 1127 4012 1157 4060; x_wconf 90' lang='lat' dir='ltr'>sit</span> <span class='ocrx_word' id='word_1_320' title='bbox 1173 4007 1235 4069; x_wconf 83' lang='grc' dir='ltr'><strong><em>τούς</em></strong></span> <span class='ocrx_word' id='word_1_321' title='bbox 1250 4007 1411 4072; x_wconf 77' lang='grc' dir='ltr'><strong><em>ἀντιδίκους.</em></strong></span> 
     </span>
     <span class='ocr_line' id='line_1_34' title="bbox 183 4091 1412 4173; baseline 0.006 -25"><span class='ocrx_word' id='word_1_322' title='bbox 183 4097 215 4150; x_wconf 79' lang='lat' dir='ltr'>ci.</span> <span class='ocrx_word' id='word_1_323' title='bbox 235 4098 324 4148; x_wconf 86' lang='lat' dir='ltr'>Suidas</span> <span class='ocrx_word' id='word_1_324' title='bbox 346 4116 369 4150; x_wconf 90' lang='lat' dir='ltr'>v.</span> <span class='ocrx_word' id='word_1_325' title='bbox 395 4091 527 4172; x_wconf 84' lang='grc' dir='ltr'><strong><em>ἀρχοντις</em></strong></span> <span class='ocrx_word' id='word_1_326' title='bbox 551 4097 579 4150; x_wconf 85' lang='grc' dir='ltr'>οἱ</span> <span class='ocrx_word' id='word_1_327' title='bbox 600 4097 680 4152; x_wconf 77' lang='grc' dir='ltr'><strong><em>ἐννέα</em></strong></span> <span class='ocrx_word' id='word_1_328' title='bbox 706 4105 729 4149; x_wconf 90' lang='lat' dir='ltr'>et</span> <span class='ocrx_word' id='word_1_329' title='bbox 754 4100 832 4155; x_wconf 81' lang='lat' dir='ltr'>Bekk.</span> <span class='ocrx_word' id='word_1_330' title='bbox 853 4101 947 4153; x_wconf 84' lang='lat' dir='ltr'>Anecd.</span> <span class='ocrx_word' id='word_1_331' title='bbox 968 4117 992 4165; x_wconf 90' lang='lat' dir='ltr'>p.</span> <span class='ocrx_word' id='word_1_332' title='bbox 1012 4096 1098 4163; x_wconf 75' lang='grc' dir='ltr'>44θῆ</span> <span class='ocrx_word' id='word_1_333' title='bbox 1124 4097 1213 4170; x_wconf 86' lang='grc' dir='ltr'><strong><em>μόνον</em></strong></span> <span class='ocrx_word' id='word_1_334' title='bbox 1237 4097 1412 4173; x_wconf 83' lang='grc' dir='ltr'><strong><em>ύποκρίνουσι</em></strong></span> 
     </span>
     <span class='ocr_line' id='line_1_35' title="bbox 183 4185 1412 4262; baseline 0.001 -24"><span class='ocrx_word' id='word_1_335' title='bbox 183 4185 372 4260; x_wconf 86' lang='grc' dir='ltr'><strong><em>(ἀνακρίνουσι</em></strong></span> <span class='ocrx_word' id='word_1_336' title='bbox 383 4189 485 4238; x_wconf 88' lang='lat' dir='ltr'>Pierson</span> <span class='ocrx_word' id='word_1_337' title='bbox 497 4187 573 4256; x_wconf 88' lang='lat' dir='ltr'>recte)</span> <span class='ocrx_word' id='word_1_338' title='bbox 593 4185 655 4247; x_wconf 86' lang='grc' dir='ltr'><strong><em>τούς</em></strong></span> <span class='ocrx_word' id='word_1_339' title='bbox 673 4185 834 4248; x_wconf 78' lang='grc' dir='ltr'><strong><em>ἀντιδίκους.</em></strong></span> <span class='ocrx_word' id='word_1_340' title='bbox 865 4189 992 4256; x_wconf 87' lang='lat' dir='ltr'>Nusquam</span> <span class='ocrx_word' id='word_1_341' title='bbox 1006 4196 1087 4239; x_wconf 85' lang='lat' dir='ltr'>autem</span> <span class='ocrx_word' id='word_1_342' title='bbox 1099 4207 1124 4245; x_wconf 90' lang='lat' dir='ltr'>v.</span> <span class='ocrx_word' id='word_1_343' title='bbox 1137 4187 1297 4262; x_wconf 82' lang='grc' dir='ltr'><strong><em>ἀνακρίνειν</em></strong></span> <span class='ocrx_word' id='word_1_344' title='bbox 1309 4192 1412 4240; x_wconf 88' lang='lat' dir='ltr'>alteram</span> 
     </span>
     <span class='ocr_line' id='line_1_36' title="bbox 183 4278 602 4342; baseline 0.014 -16"><span class='ocrx_word' id='word_1_345' title='bbox 183 4284 263 4326; x_wconf 88' lang='lat' dir='ltr'>utram</span> <span class='ocrx_word' id='word_1_346' title='bbox 282 4281 378 4341; x_wconf 86' lang='lat' dir='ltr'>partem</span> <span class='ocrx_word' id='word_1_347' title='bbox 396 4278 476 4326; x_wconf 89' lang='lat' dir='ltr'>solam</span> <span class='ocrx_word' id='word_1_348' title='bbox 495 4278 602 4342; x_wconf 89' lang='lat' dir='ltr'>respicit.</span> 
     </span>
    </p>

    <p class='ocr_par' dir='ltr' id='par_1_5' title="bbox 183 4364 1414 4877">
     <span class='ocr_line' id='line_1_37' title="bbox 273 4364 1414 4435; baseline 0.003 -19"><span class='ocrx_word' id='word_1_349' title='bbox 273 4364 301 4431; x_wconf 81' lang='lat'>2)</span> <span class='ocrx_word' id='word_1_350' title='bbox 326 4367 352 4414; x_wconf 91' lang='lat' dir='ltr'>id</span> <span class='ocrx_word' id='word_1_351' title='bbox 376 4371 474 4430; x_wconf 88' lang='lat' dir='ltr'>praeter</span> <span class='ocrx_word' id='word_1_352' title='bbox 495 4381 564 4415; x_wconf 89' lang='lat' dir='ltr'>usum</span> <span class='ocrx_word' id='word_1_353' title='bbox 589 4367 639 4416; x_wconf 92' lang='lat' dir='ltr'>dici</span> <span class='ocrx_word' id='word_1_354' title='bbox 665 4377 688 4416; x_wconf 86' lang='lat' dir='ltr'>et</span> <span class='ocrx_word' id='word_1_355' title='bbox 713 4366 852 4416; x_wconf 85' lang='lat' dir='ltr'>Boeclrhius</span> <span class='ocrx_word' id='word_1_356' title='bbox 876 4368 938 4416; x_wconf 90' lang='lat' dir='ltr'>vidit</span> <span class='ocrx_word' id='word_1_357' title='bbox 963 4368 1105 4419; x_wconf 78' lang='lat' dir='ltr'>Staatslz.1</span> <span class='ocrx_word' id='word_1_358' title='bbox 1131 4365 1205 4420; x_wconf 71' lang='lat'><strong>2671&gt;</strong></span> <span class='ocrx_word' id='word_1_359' title='bbox 1228 4374 1265 4435; x_wconf 87' lang='lat' dir='ltr'>et,</span> <span class='ocrx_word' id='word_1_360' title='bbox 1290 4371 1357 4433; x_wconf 87' lang='lat' dir='ltr'>quod</span> <span class='ocrx_word' id='word_1_361' title='bbox 1381 4371 1414 4419; x_wconf 85' lang='lat' dir='ltr'>ad</span> 
     </span>
     <span class='ocr_line' id='line_1_38' title="bbox 183 4451 1414 4522; baseline 0.005 -20"><span class='ocrx_word' id='word_1_362' title='bbox 183 4451 330 4518; x_wconf 74' lang='lat' dir='ltr'>synegoros,</span> <span class='ocrx_word' id='word_1_363' title='bbox 356 4455 511 4519; x_wconf 85' lang='lat' dir='ltr'>comparatio</span> <span class='ocrx_word' id='word_1_364' title='bbox 535 4456 647 4504; x_wconf 88' lang='lat' dir='ltr'>locorum</span> <span class='ocrx_word' id='word_1_365' title='bbox 673 4472 702 4504; x_wconf 87' lang='lat' dir='ltr'>ex</span> <span class='ocrx_word' id='word_1_366' title='bbox 720 4457 810 4505; x_wconf 90' lang='lat' dir='ltr'>eodem</span> <span class='ocrx_word' id='word_1_367' title='bbox 833 4457 900 4505; x_wconf 88' lang='lat' dir='ltr'>fonte</span> <span class='ocrx_word' id='word_1_368' title='bbox 926 4457 1092 4506; x_wconf 87' lang='lat' dir='ltr'>derivatorum</span> <span class='ocrx_word' id='word_1_369' title='bbox 1111 4457 1172 4511; x_wconf 85' lang='lat' dir='ltr'>Lex,</span> <span class='ocrx_word' id='word_1_370' title='bbox 1192 4457 1254 4510; x_wconf 89' lang='lat' dir='ltr'>rhet.</span> <span class='ocrx_word' id='word_1_371' title='bbox 1274 4475 1299 4522; x_wconf 90' lang='lat' dir='ltr'>p.</span> <span class='ocrx_word' id='word_1_372' title='bbox 1319 4455 1368 4510; x_wconf 88' lang='lat'>301</span> <span class='ocrx_word' id='word_1_373' title='bbox 1391 4465 1414 4509; x_wconf 89' lang='lat' dir='ltr'>et</span> 
     </span>
     <span class='ocr_line' id='line_1_39' title="bbox 184 4540 1413 4618; baseline 0.005 -28"><span class='ocrx_word' id='word_1_374' title='bbox 184 4542 269 4596; x_wconf 91' lang='lat' dir='ltr'>Schol.</span> <span class='ocrx_word' id='word_1_375' title='bbox 288 4543 416 4607; x_wconf 76' lang='lat' dir='ltr'>Aristoph.</span> <span class='ocrx_word' id='word_1_376' title='bbox 434 4559 502 4608; x_wconf 87' lang='lat' dir='ltr'>vesp.</span> <span class='ocrx_word' id='word_1_377' title='bbox 523 4541 575 4596; x_wconf 84' lang='lat'>690</span> <span class='ocrx_word' id='word_1_378' title='bbox 599 4545 690 4594; x_wconf 85' lang='lat' dir='ltr'>evincit</span> <span class='ocrx_word' id='word_1_379' title='bbox 708 4540 856 4618; x_wconf 73' lang='grc' dir='ltr'><strong><em>κληρωτούς</em></strong></span> <span class='ocrx_word' id='word_1_380' title='bbox 875 4546 1034 4594; x_wconf 85' lang='lat' dir='ltr'>Aristotelem</span> <span class='ocrx_word' id='word_1_381' title='bbox 1054 4545 1159 4597; x_wconf 86' lang='lat' dir='ltr'>dedisse.</span> <span class='ocrx_word' id='word_1_382' title='bbox 1196 4546 1289 4595; x_wconf 92' lang='lat' dir='ltr'>Notum</span> <span class='ocrx_word' id='word_1_383' title='bbox 1310 4552 1346 4595; x_wconf 91' lang='lat' dir='ltr'>est</span> <span class='ocrx_word' id='word_1_384' title='bbox 1364 4549 1413 4596; x_wconf 90' lang='lat' dir='ltr'>hoc</span> 
     </span>
     <span class='ocr_line' id='line_1_40' title="bbox 184 4629 1414 4707; baseline 0.004 -28"><span class='ocrx_word' id='word_1_385' title='bbox 184 4631 315 4680; x_wconf 85' lang='lat' dir='ltr'>discrimen</span> <span class='ocrx_word' id='word_1_386' title='bbox 334 4647 349 4678; x_wconf 89' lang='lat' dir='ltr'>a</span> <span class='ocrx_word' id='word_1_387' title='bbox 368 4632 510 4696; x_wconf 89' lang='lat' dir='ltr'>posterioris</span> <span class='ocrx_word' id='word_1_388' title='bbox 529 4634 616 4682; x_wconf 83' lang='lat' dir='ltr'>aetatis</span> <span class='ocrx_word' id='word_1_389' title='bbox 636 4635 776 4682; x_wconf 85' lang='lat' dir='ltr'>auctoribus</span> <span class='ocrx_word' id='word_1_390' title='bbox 794 4649 868 4698; x_wconf 87' lang='lat' dir='ltr'>saepe</span> <span class='ocrx_word' id='word_1_391' title='bbox 886 4635 994 4698; x_wconf 86' lang='lat' dir='ltr'>neglegi.</span> <span class='ocrx_word' id='word_1_392' title='bbox 1026 4635 1057 4688; x_wconf 84' lang='lat' dir='ltr'>cl.</span> <span class='ocrx_word' id='word_1_393' title='bbox 1077 4637 1147 4686; x_wconf 90' lang='lat' dir='ltr'>Paus.</span> <span class='ocrx_word' id='word_1_394' title='bbox 1167 4636 1179 4683; x_wconf 90' lang='lat'>1</span> <span class='ocrx_word' id='word_1_395' title='bbox 1201 4633 1231 4685; x_wconf 77' lang='lat' dir='ltr'>lb</span> <span class='ocrx_word' id='word_1_396' title='bbox 1251 4629 1346 4707; x_wconf 80' lang='grc' dir='ltr'><strong><em>ᾕρητο,</em></strong></span> <span class='ocrx_word' id='word_1_397' title='bbox 1372 4637 1414 4685; x_wconf 92' lang='lat' dir='ltr'>ubi</span> 
     </span>
     <span class='ocr_line' id='line_1_41' title="bbox 183 4715 1414 4790; baseline 0.006 -20"><span class='ocrx_word' id='word_1_398' title='bbox 183 4715 282 4790; x_wconf 82' lang='grc' dir='ltr'><strong><em>κυάμῳ</em></strong></span> <span class='ocrx_word' id='word_1_399' title='bbox 305 4716 400 4788; x_wconf 85' lang='grc' dir='ltr'><strong><em>λαχών</em></strong></span> <span class='ocrx_word' id='word_1_400' title='bbox 424 4721 519 4773; x_wconf 88' lang='lat' dir='ltr'>Herod.</span> <span class='ocrx_word' id='word_1_401' title='bbox 543 4721 578 4770; x_wconf 89' lang='lat' dir='ltr'>VI</span> <span class='ocrx_word' id='word_1_402' title='bbox 598 4720 656 4774; x_wconf 78' lang='lat'>109.</span> <span class='ocrx_word' id='word_1_403' title='bbox 697 4724 759 4777; x_wconf 81' lang='lat' dir='ltr'>Plut,</span> <span class='ocrx_word' id='word_1_404' title='bbox 779 4725 853 4774; x_wconf 90' lang='lat' dir='ltr'>Arist.</span> <span class='ocrx_word' id='word_1_405' title='bbox 873 4722 958 4774; x_wconf 79' lang='lat' dir='ltr'>22a1.</span> <span class='ocrx_word' id='word_1_406' title='bbox 1001 4724 1158 4773; x_wconf 82' lang='lat' dir='ltr'>Schoemann</span> <span class='ocrx_word' id='word_1_407' title='bbox 1183 4724 1227 4774; x_wconf 89' lang='lat' dir='ltr'>Gr.</span> <span class='ocrx_word' id='word_1_408' title='bbox 1245 4725 1295 4776; x_wconf 77' lang='lat' dir='ltr'>Ali,</span> <span class='ocrx_word' id='word_1_409' title='bbox 1313 4724 1344 4772; x_wconf 78' lang='lat'>1³</span> <span class='ocrx_word' id='word_1_410' title='bbox 1362 4721 1414 4776; x_wconf 83' lang='lat'>358</span> 
     </span>
     <span class='ocr_line' id='line_1_42' title="bbox 184 4809 1414 4877; baseline 0.006 -21"><span class='ocrx_word' id='word_1_411' title='bbox 184 4813 208 4856; x_wconf 91' lang='lat' dir='ltr'>et</span> <span class='ocrx_word' id='word_1_412' title='bbox 232 4809 257 4857; x_wconf 88' lang='lat' dir='ltr'>in</span> <span class='ocrx_word' id='word_1_413' title='bbox 278 4809 431 4858; x_wconf 82' lang='lat' dir='ltr'>Fleckeiseni</span> <span class='ocrx_word' id='word_1_414' title='bbox 450 4811 532 4863; x_wconf 86' lang='lat' dir='ltr'>annal.</span> <span class='ocrx_word' id='word_1_415' title='bbox 552 4827 576 4863; x_wconf 82' lang='lat' dir='ltr'>a.</span> <span class='ocrx_word' id='word_1_416' title='bbox 590 4809 659 4863; x_wconf 78' lang='lat'><strong>1872</strong></span> <span class='ocrx_word' id='word_1_417' title='bbox 678 4828 703 4877; x_wconf 92' lang='lat' dir='ltr'>p.</span> <span class='ocrx_word' id='word_1_418' title='bbox 718 4809 769 4864; x_wconf 83' lang='lat'>158</span> <span class='ocrx_word' id='word_1_419' title='bbox 782 4829 818 4876; x_wconf 92' lang='lat' dir='ltr'>sq.</span> <span class='ocrx_word' id='word_1_420' title='bbox 833 4840 867 4850; x_wconf 90' lang='lat'>—</span> <span class='ocrx_word' id='word_1_421' title='bbox 881 4811 999 4862; x_wconf 90' lang='lat' dir='ltr'>Similiter</span> <span class='ocrx_word' id='word_1_422' title='bbox 1018 4814 1049 4862; x_wconf 89' lang='lat' dir='ltr'>de</span> <span class='ocrx_word' id='word_1_423' title='bbox 1073 4813 1168 4877; x_wconf 86' lang='lat' dir='ltr'>logistis</span> <span class='ocrx_word' id='word_1_424' title='bbox 1188 4812 1264 4861; x_wconf 81' lang='lat' dir='ltr'>schol</span> <span class='ocrx_word' id='word_1_425' title='bbox 1284 4813 1414 4863; x_wconf 87' lang='lat' dir='ltr'>Aeschinis</span> 
     </span>
    </p>
   </div>
   <div class='ocr_carea' id='block_1_4' title="bbox 0 0 1868 5876">
    <p class='ocr_par' dir='ltr' id='par_1_6' title="bbox 0 0 1868 5876">
     <span class='ocr_line' id='line_1_43' title="bbox 0 0 1868 5876; baseline 0 0"><span class='ocrx_word' id='word_1_426' title='bbox 0 0 1868 5876; x_wconf 95' lang='lat' dir='ltr'> </span> 
     </span>
    </p>
   </div>
  </div>
 </body>
</html>
