3706 5876
908 524 1129 585 -42—

408 694 547 777 trilogias
570 697 766 760 constituisse
789 699 911 762 scimus.
951 699 1045 782 Quae
1066 701 1173 764 omnia
1195 701 1222 764 si
1244 707 1351 764 mente
1375 701 1637 783 comprehendis,

409 823 473 864 non
503 802 695 880 dubitabis„
715 805 788 886 quin
825 806 904 870 haec
935 808 1014 870 ratio
1045 809 1087 870 ad
1114 809 1310 888 optimorum
1338 807 1635 872 Alexandrinorum

410 919 608 973 constantem
640 912 898 976 consuetudinem
930 915 1092 995 pertineat.
1144 915 1297 978 Errarunt
1327 915 1419 995 igitur
1450 914 1636 978 Dindorfius

409 1017 529 1098 aliique,
544 1018 597 1098 qui
613 1037 724 1079 omnes
745 1017 864 1081 fabulas
882 1015 906 1080 o‘
924 1041 1090 1083 numerum
1105 1022 1248 1103 quamvis
1264 1029 1448 1103 corruptum
1464 1021 1635 1102 complecti

408 1125 440 1185 in
467 1123 530 1186 hoc
560 1123 643 1186 vitae
673 1124 744 1186 loco
775 1133 922 1206 putarent
952 1128 1043 1208 eique
1071 1126 1210 1190 Suidae'
1225 1128 1400 1209 nonaginta
1433 1137 1636 1209 opponerent

408 1229 583 1292 fabularum
606 1251 772 1294 numerum
828 1232 864 1293 ln
888 1233 1035 1315 catalogo
1064 1243 1171 1296 autem
1196 1233 1312 1296 codicis
1337 1233 1473 1296 Medicei
1505 1241 1569 1295 tres
1600 1242 1636 1296 et

409 1338 608 1418 septuaginta
624 1348 846 1400 enumerantur
861 1339 1001 1402 fabulae:
1026 1335 1259 1419 ίἎγαμέμνων,
1276 1334 1456 1418 2Ἆ12άμας,
1475 1342 1493 1403 3
1508 1334 1634 1418 Αίγύπ-

409 1463 486 1517 τιοι,
508 1435 705 1504 4Ἁίτναῖαι
721 1440 859 1523 γνήσιοι,
882 1451 900 1506 5
917 1443 1075 1508 Αίτναῖαι
1091 1443 1203 1522 νόθοι,
1229 1441 1434 1526 6ἰ4μυμώνη,
1461 1439 1634 1528 711ργεῒοι,

412 1553 430 1613 8
452 1542 547 1634 ’Λργώ
572 1543 591 1630 ή
617 1553 836 1625 Kornaouioi,
862 1555 880 1615 9
903 1545 1094 1634 Ἀταλάντη,
1134 1557 1172 1616 19
1196 1548 1349 1629 Βάκχαι,
1377 1555 1415 1629 11
1440 1547 1637 1634 Emancipato,

414 1659 453 1718 12
479 1651 626 1725 Γλαῦκος
650 1651 799 1731 πόντιος,
827 1662 865 1722 13
885 1659 1061 1734 Δαναίδες,
1089 1663 1128 1722 14
1146 1655 1372 1733 Acarnaniam,
1401 1663 1439 1721 15
1455 1652 1552 1720 (Ἐπί
1577 1658 1637 1719 ἐπὶ

413 1758 535 1842 Θήβας,
565 1767 601 1826 16
625 1757 818 1842 Εόμενίδες,
846 1769 883 1827 17
905 1761 1085 1846 Ἐπίγονοι,
1114 1769 1151 1830 18
1176 1761 1379 1839 Ἐλευσίνιοι,
1408 1767 1446 1827 19
1467 1759 1633 1840 Ἡλιάδες,

412 1871 453 1930 26
475 1862 624 1944 Ἠδωυοί,
649 1873 687 1933 21
710 1863 933 1954 Ἡρακλεῖδαι,
958 1875 999 1934 22
1027 1875 1197 1961 Θρήσσαι,
1223 1875 1263 1935 23
1289 1871 1420 1954 Θεωροί
1444 1866 1462 1950 ἢ
1483 1866 1636 1950 Ἰσθμια-

411 1978 500 2049 σταί,
525 1978 567 2036 24
582 1967 762 2055 Ἰφιγένεια,
788 1982 828 2042 25
842 1974 955 2053 Ἰξίων,
981 1984 1022 2043 26
1037 1976 1195 2053 Ἱκέτιδες,
1221 1982 1261 2041 27
1279 1974 1457 2060 Κάβειροι,
1482 1980 1522 2040 28
1549 1974 1636 2038 Καλ-

412 2077 524 2156 λιστώ,
551 2084 591 2144 29
609 2084 772 2165 Κρήσσαι,
796 2088 838 2149 30
856 2079 1022 2168 Κερκύων,
1048 2087 1084 2148 31
1107 2089 1210 2168 Κίρκη
1227 2080 1397 2168 σατυρική,
1423 2086 1464 2148 32
1482 2079 1636 2167 Κήρυκες,

412 2193 451 2251 33
471 2190 580 2271 Κᾶρες
597 2185 615 2269 ή
631 2185 789 2272 Εὐρώπη,
807 2195 847 2254 34
866 2188 985 2266 Λάιος,
1003 2197 1044 2256 35
1063 2196 1166 2267 Λέων,
1192 2196 1233 2256 36
1251 2187 1409 2272 Λήμνιοι,
1427 2193 1466 2253 37
1486 2193 1634 2272 Λυκοῦρ-

410 2317 476 2373 γος,
494 2298 534 2358 38
548 2299 698 2376 Μέμνων,
714 2301 754 2360 39
765 2301 886 2374 Μυσοί,
905 2303 945 2361 49
957 2295 1177 2382 Μυρμιδόνες,
1193 2303 1230 2360 41
1243 2299 1440 2372 Νεανίσκοι,
1453 2300 1496 2359 42
1506 2300 1634 2377 Νεμέα,

412 2404 452 2465 43
478 2402 652 2485 Νηρείδες,
687 2408 727 2466 44
752 2401 870 2486 Νιόβη,
896 2409 936 2467 45
961 2401 1142 2489 Ξάντριυι,
1173 2409 1213 2468 46
1233 2403 1413 2478 Οἰδίπους,
1439 2406 1478 2465 47
1495 2399 1636 2466 Ὅπλων

412 2511 528 2591 κρίσις,
554 2511 594 2573 48
608 2506 812 2590 Ὀστολόγοι,
835 2516 877 2576 49
900 2508 1056 2590 Πενθεύς,
1081 2516 1123 2574 50
1141 2510 1376 2595 Περραιβίδες,
1402 2514 1439 2574 51
1468 2505 1635 2594 Πρωτεύς,

412 2618 453 2677 52
478 2619 629 2701 Πέρσαι,
649 2622 689 2683 53
715 2614 909 2700 Πηνελόπη,
945 2622 984 2680 54
1011 2621 1234 2704 Προπομποί,
1268 2622 1309 2682 55
1335 2612 1536 2701 Προμηθεὺς
1561 2615 1636 2677 δεσ-

410 2718 528 2803 μάτης,
546 2726 587 2785 56
597 2720 798 2808 Προμηθεὺς
815 2721 1001 2810 πυρφόρος,
1019 2728 1059 2786 57
1071 2720 1272 2807 Προμηθεὺς
1289 2720 1461 2803 λυόμενός,
1481 2720 1636 2788 58ΙΙολυ-

412 2827 541 2911 δέκτης,
572 2833 612 2893 59
647 2827 865 2910 Συλομίνιαι,
897 2836 937 2895 69
971 2829 1095 2912 Σεμέλη
1124 2825 1383 2914 ήὙδροφόροι,
1413 2836 1453 2896 61
1490 2833 1639 2908 Σίσυφος

413 2933 593 3018 δραπέτης,
626 2940 668 3000 62
694 2938 813 3018 Σφίγξ,
847 2940 888 3001 63
915 2934 1109 3013 Τοξότιδες,
1143 2942 1184 3001 64
1215 2934 1392 3018 Τήλεφος,
1425 2942 1465 3001 65
1493 2939 1637 3019 Τροφοί,
1689 2917 1692 2926 ’

413 3045 454 3105 66
466 3036 641 3127 Ὑψιπύλη,
667 3047 706 3108 67
726 3040 938 3125 Φιλοκτήτης,
963 3047 1004 3108 68
1022 3043 1195 3128 Φορκίδες,
1218 3048 1258 3108 69
1277 3039 1426 3127 Φρόγιοι,
1453 3049 1493 3107 79
1512 3038 1638 3126 Φρόγες

412 3144 607 3235 ήἝκτυρος
630 3144 742 3233 λότρο,
768 3155 805 3213 71
834 3147 1022 3234 Χοηφόροι,
1049 3155 1090 3214 72
1116 3155 1340 3228 Ψυχοστασία,
1367 3156 1407 3216 73
1434 3152 1636 3228 Ψυχαγωγοί.

413 3258 465 3319 Ex
489 3257 537 3320 his
560 3257 670 3320 sabulis
695 3281 757 3320 una
779 3261 974 3322 removenda
997 3268 1045 3320 est
1068 3255 1222 3319 Αίτναῖυι
1244 3254 1347 3320 νόθοι
1371 3263 1425 3336 (5).
1472 3258 1639 3319 Praeterea

411 3365 593 3428 Dindorfius
611 3360 748 3446 Φρόγιοι
763 3385 881 3427 nomen
900 3365 965 3443 169)
991 3364 1107 3426 delevit
1130 3374 1165 3426 ut
1180 3365 1429 3447 dittographiam
1446 3365 1637 3444 insequentis

413 3470 545 3546 fabulae,
569 3492 632 3533 non
657 3483 755 3547 recte,
779 3480 813 3532 ut
836 3473 974 3533 videtur:
1009 3493 1082 3534 nam
1106 3470 1175 3533 talis
1200 3471 1415 3554 dittographia
1437 3491 1548 3552 parum
1572 3471 1638 3532 veri

412 3577 518 3640 similis
542 3588 589 3640 est
612 3599 655 3640 ex
678 3599 716 3640 ea
739 3580 868 3653 ratione,
892 3599 955 3659 qua
978 3578 1141 3659 catalogus
1169 3579 1199 3639 in
1224 3579 1369 3642 Mediceo
1394 3599 1451 3659 per
1474 3577 1638 3639 columnas

414 3685 579 3765 discriptus
609 3685 807 3765 perhibetur,
846 3706 942 3765 quam
974 3695 1119 3748 accurate
1152 3686 1293 3766 expressi
1321 3685 1351 3745 in
1382 3683 1637 3746 testimoniorum

413 3792 599 3854 collectione
629 3791 801 3852 Ritschelio
841 3793 1038 3872 praeceptori
1077 3791 1278 3854 dilectissimo
1310 3812 1328 3852 a
1359 3811 1411 3853 me
1442 3798 1639 3870 comparata.

413 3899 472 3960 His
494 3899 587 3978 igitur
601 3918 680 3978 quas
695 3897 850 3960 habemus
874 3899 1074 3978 septuaginta
1091 3898 1213 3960 duabus
1237 3897 1348 3960 fabulis
1371 3898 1528 3959 accedunt
1550 3905 1638 3970 octn,

415 4005 455 4067 de
471 4005 584 4086 quibus
600 4004 725 4066 aliunde
741 4004 815 4066 satis
836 4012 977 4065 constat:
1007 4008 1048 4066 73
1067 3999 1213 4073 Γλαῦκος
1230 3997 1412 4077 Ποτνιεός,
1427 4007 1466 4065 74
1487 3997 1639 4080 θαλαμό-

414 4114 529 4185 ποιόί,
563 4115 602 4173 75
623 4104 769 4192 Ἱίρειαι,
804 4113 843 4172 76
869 4105 1088 4190 Παλαμήδης,
1124 4114 1163 4172 77
1190 4098 1637 4190 Σίσυφοςπετροκυλιστής,

416 4223 456 4282 78
474 4212 604 4291 Φινεύς,
631 4219 670 4279 79
684 4212 871 4299 Ὠρείθυια,
889 4217 1024 4298 denique
1042 4220 1082 4280 89
1101 4211 1301 4298 Προμηθεὺς
1318 4210 1506 4300 πυρκαεόςτ
1535 4234 1641 4295 neque

413 4327 496 4387 enim
528 4323 683 4386 Dindorfii
722 4325 762 4385 de
795 4323 1059 4385 Prometheorum
1099 4322 1210 4385 fabulis
1243 4324 1423 4404 opinionem
1456 4341 1564 4383 moror
1595 4320 1639 4381 ab
1673 4365 1677 4374 .

413 4433 500 4494 omni
531 4431 724 4511 elegantiore
751 4451 845 4492 sensu
877 4431 1068 4491 destitutam.
1115 4431 1282 4493 Praeterea
1313 4431 1354 4490 de
1377 4427 1501 4490 duabus
1532 4426 1641 4488 iniuria

415 4539 558 4600 dubitare
590 4535 665 4598 mihi
687 4537 833 4598 videntur
862 4536 1007 4597 homines
1031 4537 1125 4598 docti.
1172 4537 1255 4598 Nam
1286 4536 1325 4596 de
1345 4528 1508 4614 Ἀλκμήνη
1532 4531 1641 4594 sabula

414 4666 478 4707 non
501 4646 595 4707 video
619 4645 702 4706 unde
726 4642 888 4726 scrupulus
911 4643 1068 4717 iniciatur,
1099 4644 1155 4705 nisi
1185 4642 1273 4724 quod
1296 4640 1395 4706 semel
1426 4646 1549 4702 tantum
1573 4638 1640 4698 eius

415 4753 533 4817 mentio
557 4751 607 4828 fit,
639 4751 727 4836 quod
757 4751 841 4814 idern
866 4749 930 4812 aliis
961 4769 1088 4832 quoque
1112 4749 1232 4812 accidit.
1279 4747 1426 4829 Denique
1450 4738 1578 4805 Κύκνου
1603 4764 1639 4806 re
