3706 5876
681 595 898 660 441-

174 779 288 842 dicam.
322 779 443 866 Atqui
474 772 652 859 ἀμφίβολα
688 777 840 857 scriptura
870 773 985 837 nullam
1017 796 1144 856 prorsus
1177 774 1400 836 auctoritatem

176 886 285 948 habet.
326 885 410 946 Nam
425 885 512 959 liber,
537 905 578 946 ex
594 905 658 965 quo
682 882 865 965 apographa
886 881 945 956 illa,
968 881 1130 962 Lipsiense
1148 882 1219 943 dico
1244 891 1275 941 et
1292 881 1402 942 Mona-

171 995 275 1062 ·cense
298 1011 379 1053 saec.
403 991 476 1064 XV,
500 990 658 1071 descripta
680 1000 765 1063 sunt,
790 991 884 1051 ctiam
908 988 973 1050 aliis
995 988 1072 1049 locis
1094 988 1287 1062 immutatus,
1310 988 1403 1049 inter-

61 1119 62 1122 *
108 1138 109 1142 =
179 1096 318 1180 polatuS,
341 1098 429 1160 omni
445 1098 545 1161 modo
562 1106 727 1178 corruptus
739 1103 809 1156 est:
836 1094 922 1156 velut
946 1093 1005 1176 pro
1030 1091 1069 1152 τί
1089 1115 1124 1153 τε
1143 1092 1316 1182 διαθέσεις
1339 1095 1406 1154 τῶν
1495 1102 1498 1108 “

178 1200 360 1286 δραμάτων
397 1198 439 1265 ού
479 1199 615 1270 πολλὰς
645 1194 736 1281 αὐτῷ
769 1203 990 1284 περιπετείας
1021 1202 1077 1260 καὶ
1109 1195 1238 1269 πλοκὰς
1271 1199 1404 1277 λέγουσιν

177 1311 266 1372 dedit
288 1311 356 1369 καί
379 1307 509 1379 πολλὰς
533 1305 599 1382 κτλ.
625 1309 746 1369 reiectis
769 1307 814 1371 eis
842 1329 924 1389 quae
947 1317 1095 1370 secuntur
1110 1307 1182 1369 huic
1205 1308 1403 1382 coniecturae

177 1418 348 1492 contrariis,
371 1417 519 1497 idemque
544 1413 867 1484 κατοσπουδασδείς
891 1415 1034 1489 verbum,
1057 1415 1144 1494 quod
1169 1414 1262 1475 etiam
1287 1413 1402 1475 Bothio

178 1523 488 1603 Westermannoque
513 1521 729 1608 difficultatem
753 1522 912 1603 praebuit,
946 1521 1079 1582 mutavit
1102 1522 1132 1580 in
1157 1521 1404 1589 καταπασθεὶς

178 1629 276 1708 (unde
307 1630 516 1699 καταπιδείς
547 1637 730 1710 corruptum
761 1629 792 1689 in
823 1629 961 1711 Monac)
976 1638 979 1642 '
993 1628 1108 1709 pariter
1138 1628 1269 1688 remotis
1300 1626 1404 1688 verbis
1501 1665 1504 1672 ,

177 1737 429 1818 insequentibus:
462 1734 750 1816 scilicet-quoniam
783 1743 917 1816 utroque
942 1733 1013 1797 loco
1037 1754 1118 1816 quae
1150 1732 1265 1795 delevit
1288 1743 1404 1815 poetae

177 1842 288 1905 laudes
317 1843 592 1923 quodammodo
624 1843 800 1904 detrectare
822 1839 1020 1902 videbantur.
1067 1839 1227 1902 Credesne
1258 1861 1299 1902 ex
1322 1840 1403 1904 libro

178 1959 244 2012 tam
268 1950 437 2012 temeraria
461 1947 660 2028 violentaque
691 1969 786 2010 manu
818 1927 954 2009 tractato
977 1948 1157 2010 Mediceum
1181 1947 1403 2026 corrigendum

178 2053 272 2118 esse?
300 2055 371 2116 ‘lam
397 2075 474 2118 vero
497 2053 680 2116 Dindorfius
703 2054 773 2135 plus
797 2074 860 2115 uno
884 2055 960 2115 vitio
982 2053 1088 2116 locum
1112 2073 1208 2135 quem
1232 2062 1403 2114 tractamus

177 2161 323 2224 laborare
354 2171 439 2224 ratus
470 2161 513 2223 sic
543 2160 675 2223 sortasse
706 2161 737 2220 in
768 2161 911 2222 ordinem
943 2160 1150 2241 redigendum
1175 2181 1244 2222 esse
1275 2160 1401 2222 statuit:

183 2266 322 2348 ἐποίησε
348 2263 505 2350 δράματα
523 2262 549 2325 o'
570 2266 622 2341 (λι,
647 2253 691 2326 ὧν
708 2263 870 2350 σατυρικὰ
886 2267 1050 2348 (intercidit
1072 2271 1243 2342 numerus),
1267 2267 1323 2325 καὶ
1347 2264 1405 2325 ἐπὶ

179 2370 312 2446 τούτοις
336 2370 514 2455 ἀμφίβολα
539 2375 649 2433 πέντε.
698 2373 823 2435 Omitto
847 2372 906 2434 hac
929 2374 1108 2434 coniectura
1131 2374 1232 2452 ipsum
1257 2373 1403 2452 Aeschy-

179 2481 247 2542 lum¹
271 2479 350 2544 effici
369 2481 593 2561 'conscripsisse
613 2478 733 2540 fabulas
758 2479 816 2541 sibi
840 2480 1019 2560 suppositas
1037 2481 1182 2560 -quod
1205 2481 1230 2540 si
1254 2479 1404 2540 traditum

183 2575 276 2663 esset,
301 2609 343 2650 ex
359 2586 561 2668 neglegentia
582 2587 721 2667 quadam
743 2585 891 2667 explicari
914 2594 1031 2666 posset,
1055 2586 1080 2647 si
1103 2587 1283 2648 coniectura
1306 2584 1404 2646 inferi-

180 2714 267 2768 mus,
298 2694 437 2756 iniuriam
461 2692 591 2754 facimus
614 2693 758 2774 scriptori
783 2713 844 2752 -z
879 2691 934 2754 sed
966 2693 1054 2772 quod
1078 2691 1189 2754 diffidit
1212 2692 1259 2752 vir
1289 2692 1404 2753 doctis-

179 2802 278 2862 simus
302 2801 421 2882 opponi
451 2800 531 2872 inter
554 2819 588 2860 se
612 2797 771 2882 δράματα
795 2808 827 2861 et
851 2794 1023 2882 σατυρικὰ,
1051 2799 1083 2860 id
1107 2819 1182 2860 sane
1205 2798 1278 2859 satis
1302 2799 1405 2860 mirari

180 2927 244 2968 non
267 2927 415 2988 possum„
446 2905 530 2967 Nam
554 2925 618 2967 non
643 2907 742 2968 modo
767 2905 808 2966 ab
832 2905 897 2967 aliis
917 2903 1106 2987 compluries
1130 2905 1334 2967 observatum
1357 2913 1405 2966 est

180 3013 265 3076 haud
289 3032 360 3074 raro
392 3011 505 3095 δράμα
528 3012 670 3074 adhiberi
702 3033 761 3094 pro
793 3010 978 3095 τραγῳδία,
1010 3010 1096 3073 velut
1119 3032 1219 3093 nuper
1242 3010 1405 3073 Vahlenus

179 3120 212 3182 id
235 3119 357 3182 monuit
380 3119 420 3180 ad
444 3118 624 3181 Aristotelis
655 3128 756 3181 artem
779 3119 956 3200 poeticam:
989 3138 1099 3180 verum
1131 3119 1198 3199 ipse
1222 3117 1405 3179 Dindorfius

179 3226 286 3288 locum
303 3225 467 3306 adscripsit
485 3224 524 3287 illi
539 3245 667 3306 prorsus
684 3226 973 3299 accommodatum,
988 3244 1053 3305 quo
1070 3224 1170 3286 nullus
1183 3225 1321 3286 'eandem
1339 3245 1405 3285 rem

181 3333 402 3393 demonstrare
430 3330 614 3393 luculentius
644 3340 767 3410 potest,
798 3343 839 3393 err
871 3332 936 3393 vita
958 3331 1115 3412 Euripidis
1147 3332 1217 3392 cod.
1249 3329 1311 3392 Pal.
1341 3333 1402 3392 90:

182 3433 325 3510 σώζεται
349 3429 482 3498 δἀύτού
507 3433 691 3521 δράματα
716 3434 759 3510 ξζ
786 3439 843 3497 καί
867 3432 989 3520 γ’πρὰς
1019 3431 1151 3505 τούτοις
1174 3436 1217 3497 τὰ
1239 3431 1405 3514 άντιλεγιί-

180 3565 276 3624 μενα·
295 3541 489 3626 σατυρικὰ
506 3543 526 3603 δ
531 3545 547 3602 ὲ
562 3539 610 3624 η’,
628 3536 830 3622 άντιλέγεται
848 3542 948 3604 δὲκαὶ
964 3539 1092 3604 τούτων
1108 3539 1145 3604 τὸ
1161 3540 1212 3603 α’.
1244 3544 1311 3604 lam
1327 3561 1404 3605 vero

181 3637 254 3712 cuin
278 3650 326 3711 his
349 3650 426 3711 locis
451 3650 576 3711 duobus
600 3651 735 3729 satyrica
750 3651 882 3712 seorsim
898 3652 1055 3712 numerari
1069 3650 1187 3725 videas
1212 3650 1317 3712 statim
1334 3649 1406 3710 Tibi

181 3759 212 3818 in
236 3765 377 3818 mentem
401 3757 513 3831 veniet,
538 3758 580 3818 mi
603 3766 706 3844 pater,
735 3756 942 3819 memorabile
965 3755 1040 3818 illud
1063 3756 1256 3819 scholiorum
1279 3755 1404 3816 Aristo-

180 3863 379 3946 phaneorum
402 3863 633 3925 testimonium:
660 3858 880 3945 τετραλογίαν
915 3868 1054 3946 φέρουσι
1077 3858 1134 3942 τὴν
1158 3855 1346 3946 Ὀρέστειαν
1369 3857 1406 3919 al

153 4007 155 4014 ,
182 3963 400 4030 διδασκαλίαι
426 3964 646 4048 Ἀγαμέμνονα
678 3963 879 4050 Χοηφόρους
912 3963 1098 4048 Εὐμενίδας
1131 3971 1271 4052 Πρωτέα
1307 3982 1405 4028 σατυ-

183 4069 285 4159 ρικόν.
338 4067 543 4158 Ἀρίσταρχος
579 4074 636 4132 καί
666 4070 881 4144 Ἀπολλώνιος
920 4071 1091 4157 τριλογίαν
1124 4070 1268 4152 λέγουσι,
1306 4074 1406 4156 χωρίς

181 4183 240 4242 τοῦ
273 4181 472 4263 σατυρικού,
504 4181 574 4256 ubi,
610 4200 681 4242 cum
713 4201 771 4262 pro
801 4182 861 4242 τού
894 4182 1089 4262 σατυρικοῦ,
1128 4183 1215 4261 quod
1247 4179 1406 4244 Nauckius
1450 4159 1451 4166 λ

181 4288 335 4369 reposuit,
371 4287 401 4348 in
440 4287 601 4348 codicibus
632 4296 722 4349 extet
752 4289 818 4348 τῶν
851 4289 1057 4370 σατυρικῶν,
1088 4288 1194 4348 nescio
1225 4308 1265 4349 an
1300 4287 1406 4368 potius

144 4437 148 4446 .
181 4389 349 4477 τριλογίας
373 4393 594 4473 corrigendum
627 4394 685 4468 sit3
719 4395 807 4473 quod
838 4395 862 4455 si
893 4396 995 4456 minus
1018 4394 1135 4476 placet,
1164 4394 1279 4455 eodem
1304 4413 1406 4467 sensu,

182 4521 245 4582 quo
269 4501 329 4559 τού
354 4500 544 4581 σατυρικοῦ,
575 4499 643 4559 τῶν
666 4495 822 4584 σατύρων
849 4500 921 4562 licet
944 4501 1105 4562 scribatur.
1152 4499 1207 4560 Ad
1233 4498 1406 4562 Aristarchi

183 4616 290 4670 autem
307 4605 533 4686 Apolloniique
556 4605 709 4667 rationem
734 4607 856 4669 accedit
871 4606 1095 4688 Aristophanis
1110 4607 1287 4680 auctoritas
1310 4617 1405 4686 quem

183 4733 223 4774 ex
248 4712 377 4774 consilio
401 4709 471 4785 ill0‚
503 4731 569 4790 quo
600 4710 738 4775 Platonis
770 4712 914 4794 dialogos
937 4714 979 4774 ad
1003 4711 1177 4774 fabularum
1206 4712 1404 4774 committen-

184 4821 295 4880 darum
319 4815 551 4880 similitudinem
576 4825 752 4894 traxerunt,
777 4840 840 4880 non
864 4817 1055 4900 tetralogiaS,
1080 4828 1113 4880 ut
1136 4817 1325 4897 Thrasylus,
1349 4820 1406 4880 sed
