<?xml version="1.0" encoding="UTF-8"?>
<!DOCTYPE html PUBLIC "-//W3C//DTD XHTML 1.0 Transitional//EN"
    "http://www.w3.org/TR/xhtml1/DTD/xhtml1-transitional.dtd">
<html xmlns="http://www.w3.org/1999/xhtml" xml:lang="en" lang="en">
 <head>
  <title>
</title>
<meta http-equiv="Content-Type" content="text/html;charset=utf-8" />
  <meta name='ocr-system' content='tesseract 3.04.00' />
  <meta name='ocr-capabilities' content='ocr_page ocr_carea ocr_par ocr_line ocrx_word'/>
</head>
<body>
  <div class='ocr_page' id='page_1' title='image "./rudolfischoelli00schogoog_0021.png"; bbox 0 0 3706 5876; ppageno 0'>
   <div class='ocr_carea' id='block_1_1' title="bbox 925 523 1161 596">
    <p class='ocr_par' dir='ltr' id='par_1_1' title="bbox 925 523 1161 596">
     <span class='ocr_line' id='line_1_1' title="bbox 925 523 1161 596; baseline 0.004 -14"><span class='ocrx_word' id='word_1_1' title='bbox 925 523 1161 596; x_wconf 61' lang='grc'><strong>’-16-,</strong></span> 
     </span>
    </p>
   </div>
   <div class='ocr_carea' id='block_1_2' title="bbox 421 684 1653 884">
    <p class='ocr_par' dir='ltr' id='par_1_2' title="bbox 421 684 1653 884">
     <span class='ocr_line' id='line_1_2' title="bbox 422 684 1653 780; baseline -0.002 -20"><span class='ocrx_word' id='word_1_2' title='bbox 422 719 486 780; x_wconf 94' lang='lat' dir='ltr'>quo</span> <span class='ocrx_word' id='word_1_3' title='bbox 511 699 563 761; x_wconf 91' lang='lat' dir='ltr'>die</span> <span class='ocrx_word' id='word_1_4' title='bbox 593 698 700 761; x_wconf 90' lang='lat' dir='ltr'>etalii</span> <span class='ocrx_word' id='word_1_5' title='bbox 728 698 836 760; x_wconf 82' lang='lat' dir='ltr'><strong>arbitri</strong></span> <span class='ocrx_word' id='word_1_6' title='bbox 866 696 998 758; x_wconf 90' lang='lat' dir='ltr'>aberant</span> <span class='ocrx_word' id='word_1_7' title='bbox 1030 706 1062 759; x_wconf 92' lang='lat' dir='ltr'>et</span> <span class='ocrx_word' id='word_1_8' title='bbox 1091 695 1211 772; x_wconf 87' lang='lat' dir='ltr'>Strato,</span> <span class='ocrx_word' id='word_1_9' title='bbox 1242 698 1359 778; x_wconf 89' lang='lat' dir='ltr'><strong>quippe</strong></span> <span class='ocrx_word' id='word_1_10' title='bbox 1388 717 1460 760; x_wconf 92' lang='lat' dir='ltr'>curn</span> <span class='ocrx_word' id='word_1_11' title='bbox 1476 684 1653 759; x_wconf 85' lang='lat' dir='ltr'>-neminem</span> 
     </span>
     <span class='ocr_line' id='line_1_3' title="bbox 421 803 1653 884; baseline -0.002 -17"><span class='ocrx_word' id='word_1_12' title='bbox 421 806 485 867; x_wconf 90' lang='lat' dir='ltr'>iam</span> <span class='ocrx_word' id='word_1_13' title='bbox 511 814 727 867; x_wconf 82' lang='lat' dir='ltr'>accusatorem</span> <span class='ocrx_word' id='word_1_14' title='bbox 752 805 926 866; x_wconf 87' lang='lat' dir='ltr'>extiturum</span> <span class='ocrx_word' id='word_1_15' title='bbox 950 803 1125 866; x_wconf 88' lang='lat' dir='ltr'>confideret</span> <span class='ocrx_word' id='word_1_16' title='bbox 1149 839 1191 848; x_wconf 89' lang='lat'><em>-</em></span> <span class='ocrx_word' id='word_1_17' title='bbox 1222 823 1265 864; x_wconf 89' lang='lat' dir='ltr'>ex</span> <span class='ocrx_word' id='word_1_18' title='bbox 1289 803 1463 884; x_wconf 91' lang='lat' dir='ltr'>improviso</span> <span class='ocrx_word' id='word_1_19' title='bbox 1495 803 1653 884; x_wconf 89' lang='lat' dir='ltr'>praevari-</span> 
     </span>
    </p>
   </div>
   <div class='ocr_carea' id='block_1_3' title="bbox 387 973 1682 4780">
    <p class='ocr_par' dir='ltr' id='par_1_3' title="bbox 421 973 1653 2203">
     <span class='ocr_line' id='line_1_4' title="bbox 423 973 1651 1046; baseline -0.003 -16"><span class='ocrx_word' id='word_1_20' title='bbox 423 982 531 1046; x_wconf 92' lang='lat' dir='ltr'>nequid</span> <span class='ocrx_word' id='word_1_21' title='bbox 550 983 582 1031; x_wconf 91' lang='lat' dir='ltr'>de</span> <span class='ocrx_word' id='word_1_22' title='bbox 601 980 717 1030; x_wconf 85' lang='lat' dir='ltr'>vocabuli</span> <span class='ocrx_word' id='word_1_23' title='bbox 736 981 901 1044; x_wconf 85' lang='lat' dir='ltr'>originatione</span> <span class='ocrx_word' id='word_1_24' title='bbox 921 981 1009 1028; x_wconf 88' lang='lat' dir='ltr'>dicam.</span> <span class='ocrx_word' id='word_1_25' title='bbox 1042 980 1096 1029; x_wconf 89' lang='lat' dir='ltr'>Nec</span> <span class='ocrx_word' id='word_1_26' title='bbox 1115 973 1194 1028; x_wconf 85' lang='lat' dir='ltr'>minus</span> <span class='ocrx_word' id='word_1_27' title='bbox 1208 980 1340 1043; x_wconf 84' lang='lat' dir='ltr'>singularia</span> <span class='ocrx_word' id='word_1_28' title='bbox 1354 979 1403 1027; x_wconf 87' lang='lat' dir='ltr'>alia</span> <span class='ocrx_word' id='word_1_29' title='bbox 1423 995 1494 1043; x_wconf 91' lang='lat' dir='ltr'>super</span> <span class='ocrx_word' id='word_1_30' title='bbox 1506 979 1550 1027; x_wconf 86' lang='lat' dir='ltr'>tali</span> <span class='ocrx_word' id='word_1_31' title='bbox 1562 979 1651 1027; x_wconf 87' lang='lat' dir='ltr'>sunda-</span> 
     </span>
     <span class='ocr_line' id='line_1_5' title="bbox 422 1067 1653 1134; baseline -0.005 -13"><span class='ocrx_word' id='word_1_32' title='bbox 422 1077 506 1121; x_wconf 91' lang='lat' dir='ltr'>mento</span> <span class='ocrx_word' id='word_1_33' title='bbox 526 1069 691 1134; x_wconf 89' lang='lat' dir='ltr'>superinstruit</span> <span class='ocrx_word' id='word_1_34' title='bbox 710 1069 798 1133; x_wconf 92' lang='lat' dir='ltr'>quibus</span> <span class='ocrx_word' id='word_1_35' title='bbox 817 1069 993 1118; x_wconf 82' lang='lat' dir='ltr'>Demosthenis</span> <span class='ocrx_word' id='word_1_36' title='bbox 1012 1069 1070 1117; x_wconf 92' lang='lat' dir='ltr'>loco</span> <span class='ocrx_word' id='word_1_37' title='bbox 1087 1085 1184 1120; x_wconf 64' lang='lat' dir='ltr'>,novam</span> <span class='ocrx_word' id='word_1_38' title='bbox 1203 1069 1282 1116; x_wconf 80' lang='lat' dir='ltr'>lucent</span> <span class='ocrx_word' id='word_1_39' title='bbox 1309 1068 1426 1117; x_wconf 76' lang='lat' dir='ltr'>affundat.</span> <span class='ocrx_word' id='word_1_40' title='bbox 1464 1067 1577 1132; x_wconf 84' lang='lat' dir='ltr'>Namque</span> <span class='ocrx_word' id='word_1_41' title='bbox 1595 1083 1653 1116; x_wconf 88' lang='lat' dir='ltr'>cum</span> 
     </span>
     <span class='ocr_line' id='line_1_6' title="bbox 423 1157 1651 1223; baseline -0.003 -15"><span class='ocrx_word' id='word_1_42' title='bbox 423 1160 525 1209; x_wconf 87' lang='lat' dir='ltr'>firmiter</span> <span class='ocrx_word' id='word_1_43' title='bbox 539 1159 586 1207; x_wconf 89' lang='lat' dir='ltr'>sibi</span> <span class='ocrx_word' id='word_1_44' title='bbox 601 1159 747 1223; x_wconf 84' lang='lat' dir='ltr'>persuaserit</span> <span class='ocrx_word' id='word_1_45' title='bbox 759 1158 826 1206; x_wconf 92' lang='lat' dir='ltr'>nullo</span> <span class='ocrx_word' id='word_1_46' title='bbox 840 1158 916 1206; x_wconf 92' lang='lat' dir='ltr'>modo</span> <span class='ocrx_word' id='word_1_47' title='bbox 930 1158 981 1206; x_wconf 86' lang='lat' dir='ltr'>lieri</span> <span class='ocrx_word' id='word_1_48' title='bbox 994 1159 1109 1222; x_wconf 89' lang='lat' dir='ltr'>potuisse,</span> <span class='ocrx_word' id='word_1_49' title='bbox 1129 1169 1154 1206; x_wconf 93' lang='lat' dir='ltr'>ut</span> <span class='ocrx_word' id='word_1_50' title='bbox 1166 1158 1294 1218; x_wconf 86' lang='lat' dir='ltr'>diaetetae,</span> <span class='ocrx_word' id='word_1_51' title='bbox 1315 1159 1356 1220; x_wconf 92' lang='lat' dir='ltr'>qui</span> <span class='ocrx_word' id='word_1_52' title='bbox 1370 1157 1479 1206; x_wconf 92' lang='lat' dir='ltr'>iudicum</span> <span class='ocrx_word' id='word_1_53' title='bbox 1492 1157 1549 1206; x_wconf 93' lang='lat' dir='ltr'>loco</span> <span class='ocrx_word' id='word_1_54' title='bbox 1563 1161 1651 1216; x_wconf 82' lang='lat' dir='ltr'>essent,</span> 
     </span>
     <span class='ocr_line' id='line_1_7' title="bbox 422 1243 1652 1315; baseline -0.005 -16"><span class='ocrx_word' id='word_1_55' title='bbox 422 1244 547 1300; x_wconf 81' lang='grc' dir='ltr'><em>εὐθυνῶν</em></span> <span class='ocrx_word' id='word_1_56' title='bbox 573 1263 673 1296; x_wconf 88' lang='lat' dir='ltr'>causam</span> <span class='ocrx_word' id='word_1_57' title='bbox 693 1247 810 1312; x_wconf 87' lang='lat' dir='ltr'>dicerent,</span> <span class='ocrx_word' id='word_1_58' title='bbox 836 1246 869 1295; x_wconf 92' lang='lat' dir='ltr'>ad</span> <span class='ocrx_word' id='word_1_59' title='bbox 892 1243 1067 1315; x_wconf 75' lang='grc' dir='ltr'><em>εἰσαγγελίαν</em></span> <span class='ocrx_word' id='word_1_60' title='bbox 1091 1247 1177 1295; x_wconf 89' lang='lat' dir='ltr'>omnia</span> <span class='ocrx_word' id='word_1_61' title='bbox 1201 1253 1301 1296; x_wconf 88' lang='lat' dir='ltr'>revocat</span> <span class='ocrx_word' id='word_1_62' title='bbox 1326 1262 1400 1310; x_wconf 91' lang='lat' dir='ltr'>quam</span> <span class='ocrx_word' id='word_1_63' title='bbox 1426 1251 1512 1295; x_wconf 89' lang='lat' dir='ltr'>contra</span> <span class='ocrx_word' id='word_1_64' title='bbox 1531 1245 1652 1294; x_wconf 87' lang='lat' dir='ltr'>diaetetas</span> 
     </span>
     <span class='ocr_line' id='line_1_8' title="bbox 421 1333 1651 1404; baseline -0.002 -20"><span class='ocrx_word' id='word_1_65' title='bbox 421 1337 550 1401; x_wconf 90' lang='lat' dir='ltr'>improbos</span> <span class='ocrx_word' id='word_1_66' title='bbox 579 1351 722 1385; x_wconf 86' lang='lat' dir='ltr'>concessam</span> <span class='ocrx_word' id='word_1_67' title='bbox 753 1335 826 1384; x_wconf 87' lang='lat' dir='ltr'>t&#39;uisse</span> <span class='ocrx_word' id='word_1_68' title='bbox 851 1335 1019 1400; x_wconf 90' lang='lat' dir='ltr'>Harpocratio</span> <span class='ocrx_word' id='word_1_69' title='bbox 1050 1353 1072 1384; x_wconf 90' lang='lat' dir='ltr'>v.</span> <span class='ocrx_word' id='word_1_70' title='bbox 1102 1334 1257 1404; x_wconf 78' lang='grc' dir='ltr'><em>εἰσαγγελία</em></span> <span class='ocrx_word' id='word_1_71' title='bbox 1289 1336 1372 1386; x_wconf 83' lang='lat' dir='ltr'>tradit.</span> <span class='ocrx_word' id='word_1_72' title='bbox 1408 1336 1463 1383; x_wconf 91' lang='lat' dir='ltr'>Iam</span> <span class='ocrx_word' id='word_1_73' title='bbox 1490 1333 1651 1398; x_wconf 87' lang='lat' dir='ltr'>eisangeliam</span> 
     </span>
     <span class='ocr_line' id='line_1_9' title="bbox 422 1423 1651 1488; baseline -0.002 -14"><span class='ocrx_word' id='word_1_74' title='bbox 422 1426 496 1474; x_wconf 89' lang='lat' dir='ltr'>sumit</span> <span class='ocrx_word' id='word_1_75' title='bbox 514 1441 564 1474; x_wconf 90' lang='lat' dir='ltr'>uon</span> <span class='ocrx_word' id='word_1_76' title='bbox 583 1425 617 1472; x_wconf 89' lang='lat' dir='ltr'>ad</span> <span class='ocrx_word' id='word_1_77' title='bbox 634 1425 753 1488; x_wconf 90' lang='lat' dir='ltr'>populum</span> <span class='ocrx_word' id='word_1_78' title='bbox 773 1425 824 1474; x_wconf 91' lang='lat' dir='ltr'>sive</span> <span class='ocrx_word' id='word_1_79' title='bbox 842 1424 935 1473; x_wconf 92' lang='lat' dir='ltr'>iudices</span> <span class='ocrx_word' id='word_1_80' title='bbox 954 1424 1069 1474; x_wconf 87' lang='lat' dir='ltr'>heliastas</span> <span class='ocrx_word' id='word_1_81' title='bbox 1096 1425 1184 1474; x_wconf 79' lang='lat' dir='ltr'>deterri</span> <span class='ocrx_word' id='word_1_82' title='bbox 1202 1424 1301 1473; x_wconf 84' lang='lat' dir='ltr'>solitam</span> <span class='ocrx_word' id='word_1_83' title='bbox 1320 1440 1379 1484; x_wconf 89' lang='lat' dir='ltr'>esse,</span> <span class='ocrx_word' id='word_1_84' title='bbox 1406 1423 1452 1474; x_wconf 87' lang='lat' dir='ltr'>sed</span> <span class='ocrx_word' id='word_1_85' title='bbox 1471 1423 1503 1472; x_wconf 89' lang='lat' dir='ltr'>ad</span> <span class='ocrx_word' id='word_1_86' title='bbox 1523 1423 1651 1471; x_wconf 85' lang='lat' dir='ltr'>diaete-</span> 
     </span>
     <span class='ocr_line' id='line_1_10' title="bbox 422 1507 1653 1579; baseline -0.001 -16"><span class='ocrx_word' id='word_1_87' title='bbox 422 1521 527 1563; x_wconf 86' lang='lat' dir='ltr'>tarum</span> <span class='ocrx_word' id='word_1_88' title='bbox 552 1520 756 1572; x_wconf 83' lang='lat' dir='ltr'>conventum,</span> <span class='ocrx_word' id='word_1_89' title='bbox 776 1513 881 1577; x_wconf 90' lang='lat' dir='ltr'>ideoque</span> <span class='ocrx_word' id='word_1_90' title='bbox 899 1514 924 1561; x_wconf 94' lang='lat' dir='ltr'>in</span> <span class='ocrx_word' id='word_1_91' title='bbox 943 1513 1148 1577; x_wconf 87' lang='lat' dir='ltr'>Harpocrationis</span> <span class='ocrx_word' id='word_1_92' title='bbox 1173 1515 1254 1562; x_wconf 91' lang='lat' dir='ltr'>verbis</span> <span class='ocrx_word' id='word_1_93' title='bbox 1272 1509 1334 1576; x_wconf 79' lang='grc' dir='ltr'><em>ἐξην</em></span> <span class='ocrx_word' id='word_1_94' title='bbox 1353 1511 1449 1564; x_wconf 79' lang='grc' dir='ltr'><em>τοῦτον</em></span> <span class='ocrx_word' id='word_1_95' title='bbox 1468 1507 1653 1579; x_wconf 78' lang='grc' dir='ltr'><em>εἰσαγγέλλειν</em></span> 
     </span>
     <span class='ocr_line' id='line_1_11' title="bbox 422 1596 1652 1676; baseline -0.012 -14"><span class='ocrx_word' id='word_1_96' title='bbox 422 1599 492 1676; x_wconf 72' lang='grc' dir='ltr'>πρόε</span> <span class='ocrx_word' id='word_1_97' title='bbox 510 1597 571 1660; x_wconf 74' lang='grc' dir='ltr'>τοὺς</span> <span class='ocrx_word' id='word_1_98' title='bbox 590 1596 763 1659; x_wconf 75' lang='grc' dir='ltr'><em>δικαστάς</em></span> <span class='ocrx_word' id='word_1_99' title='bbox 782 1602 954 1666; x_wconf 87' lang='lat' dir='ltr'>corrigendum</span> <span class='ocrx_word' id='word_1_100' title='bbox 973 1597 1040 1674; x_wconf 77' lang='grc' dir='ltr'><em>πρὸς</em></span> <span class='ocrx_word' id='word_1_101' title='bbox 1052 1597 1113 1660; x_wconf 74' lang='grc' dir='ltr'><em>τοὺς</em></span> <span class='ocrx_word' id='word_1_102' title='bbox 1125 1597 1288 1665; x_wconf 75' lang='grc' dir='ltr'><em>διαιτητεί</em></span> <span class='ocrx_word' id='word_1_103' title='bbox 1296 1621 1317 1660; x_wconf 86' lang='grc' dir='ltr'>ς.</span> <span class='ocrx_word' id='word_1_104' title='bbox 1331 1601 1397 1649; x_wconf 88' lang='lat' dir='ltr'>Nam</span> <span class='ocrx_word' id='word_1_105' title='bbox 1409 1602 1569 1650; x_wconf 91' lang='lat' dir='ltr'>diaetetarum</span> <span class='ocrx_word' id='word_1_106' title='bbox 1582 1599 1652 1664; x_wconf 91' lang='lat' dir='ltr'>ponit</span> 
     </span>
     <span class='ocr_line' id='line_1_12' title="bbox 423 1691 1651 1755; baseline -0.003 -15"><span class='ocrx_word' id='word_1_107' title='bbox 423 1693 512 1742; x_wconf 89' lang='lat' dir='ltr'>decern</span> <span class='ocrx_word' id='word_1_108' title='bbox 524 1691 597 1740; x_wconf 81' lang='lat' dir='ltr'>fuisse</span> <span class='ocrx_word' id='word_1_109' title='bbox 615 1691 713 1741; x_wconf 89' lang='lat' dir='ltr'>ordines</span> <span class='ocrx_word' id='word_1_110' title='bbox 732 1692 773 1755; x_wconf 91' lang='lat' dir='ltr'>qui</span> <span class='ocrx_word' id='word_1_111' title='bbox 793 1691 878 1740; x_wconf 89' lang='lat' dir='ltr'>diebus</span> <span class='ocrx_word' id='word_1_112' title='bbox 896 1691 964 1740; x_wconf 81' lang='lat' dir='ltr'>fastis</span> <span class='ocrx_word' id='word_1_113' title='bbox 977 1707 1021 1740; x_wconf 92' lang='lat' dir='ltr'>suo</span> <span class='ocrx_word' id='word_1_114' title='bbox 1033 1692 1134 1755; x_wconf 92' lang='lat' dir='ltr'>quisque</span> <span class='ocrx_word' id='word_1_115' title='bbox 1153 1692 1210 1740; x_wconf 93' lang='lat' dir='ltr'>loco</span> <span class='ocrx_word' id='word_1_116' title='bbox 1229 1692 1401 1740; x_wconf 83' lang='lat' dir='ltr'>convenerint:</span> <span class='ocrx_word' id='word_1_117' title='bbox 1422 1696 1549 1754; x_wconf 87' lang='lat' dir='ltr'>praeterea</span> <span class='ocrx_word' id='word_1_118' title='bbox 1569 1695 1651 1738; x_wconf 87' lang='lat' dir='ltr'>autem</span> 
     </span>
     <span class='ocr_line' id='line_1_13' title="bbox 422 1779 1650 1845; baseline -0.002 -16"><span class='ocrx_word' id='word_1_119' title='bbox 422 1780 522 1845; x_wconf 87' lang='lat' dir='ltr'>singulis</span> <span class='ocrx_word' id='word_1_120' title='bbox 533 1781 648 1844; x_wconf 87' lang='lat' dir='ltr'>cuiusque</span> <span class='ocrx_word' id='word_1_121' title='bbox 659 1781 788 1844; x_wconf 87' lang='lat' dir='ltr'>prytaniae</span> <span class='ocrx_word' id='word_1_122' title='bbox 800 1780 886 1830; x_wconf 90' lang='lat' dir='ltr'>diebus</span> <span class='ocrx_word' id='word_1_123' title='bbox 898 1795 1054 1829; x_wconf 92' lang='lat' dir='ltr'>communem</span> <span class='ocrx_word' id='word_1_124' title='bbox 1066 1795 1205 1830; x_wconf 88' lang='lat' dir='ltr'>consessum</span> <span class='ocrx_word' id='word_1_125' title='bbox 1216 1781 1325 1829; x_wconf 89' lang='lat' dir='ltr'>omniurn</span> <span class='ocrx_word' id='word_1_126' title='bbox 1334 1779 1494 1828; x_wconf 87' lang='lat' dir='ltr'>diaetetarum</span> <span class='ocrx_word' id='word_1_127' title='bbox 1507 1779 1650 1838; x_wconf 90' lang='lat' dir='ltr'>institutum,</span> 
     </span>
     <span class='ocr_line' id='line_1_14' title="bbox 422 1867 1650 1936; baseline -0.001 -18"><span class='ocrx_word' id='word_1_128' title='bbox 422 1870 465 1918; x_wconf 92' lang='lat' dir='ltr'>ubi</span> <span class='ocrx_word' id='word_1_129' title='bbox 484 1871 505 1918; x_wconf 92' lang='lat' dir='ltr'>si</span> <span class='ocrx_word' id='word_1_130' title='bbox 524 1869 577 1933; x_wconf 86' lang='lat' dir='ltr'>quis</span> <span class='ocrx_word' id='word_1_131' title='bbox 596 1884 680 1918; x_wconf 92' lang='lat' dir='ltr'>eorum</span> <span class='ocrx_word' id='word_1_132' title='bbox 699 1869 759 1932; x_wconf 92' lang='lat' dir='ltr'>quid</span> <span class='ocrx_word' id='word_1_133' title='bbox 778 1869 926 1933; x_wconf 84' lang='lat' dir='ltr'>deliquisset,</span> <span class='ocrx_word' id='word_1_134' title='bbox 946 1868 1012 1932; x_wconf 86' lang='lat' dir='ltr'>apud</span> <span class='ocrx_word' id='word_1_135' title='bbox 1024 1868 1134 1933; x_wconf 85' lang='lat' dir='ltr'>collegas</span> <span class='ocrx_word' id='word_1_136' title='bbox 1152 1867 1310 1936; x_wconf 81' lang='grc' dir='ltr'><em>εἰσαγγελία</em></span> <span class='ocrx_word' id='word_1_137' title='bbox 1329 1868 1401 1916; x_wconf 92' lang='lat' dir='ltr'>simul</span> <span class='ocrx_word' id='word_1_138' title='bbox 1414 1875 1437 1916; x_wconf 91' lang='lat' dir='ltr'>et</span> <span class='ocrx_word' id='word_1_139' title='bbox 1450 1867 1567 1916; x_wconf 90' lang='lat' dir='ltr'>iudicium</span> <span class='ocrx_word' id='word_1_140' title='bbox 1580 1873 1650 1917; x_wconf 89' lang='lat' dir='ltr'>esset.</span> 
     </span>
     <span class='ocr_line' id='line_1_15' title="bbox 423 1957 1650 2022; baseline -0.002 -16"><span class='ocrx_word' id='word_1_141' title='bbox 423 1959 493 2022; x_wconf 88' lang='lat' dir='ltr'>Quae</span> <span class='ocrx_word' id='word_1_142' title='bbox 520 1959 593 2006; x_wconf 89' lang='lat' dir='ltr'>nimis</span> <span class='ocrx_word' id='word_1_143' title='bbox 619 1957 703 2021; x_wconf 89' lang='lat' dir='ltr'>lepida</span> <span class='ocrx_word' id='word_1_144' title='bbox 726 1958 773 2005; x_wconf 89' lang='lat' dir='ltr'>viri</span> <span class='ocrx_word' id='word_1_145' title='bbox 792 1963 888 2021; x_wconf 89' lang='lat' dir='ltr'>praeter</span> <span class='ocrx_word' id='word_1_146' title='bbox 911 1957 949 2005; x_wconf 85' lang='lat' dir='ltr'>sas</span> <span class='ocrx_word' id='word_1_147' title='bbox 968 1957 1089 2020; x_wconf 86' lang='lat' dir='ltr'>ingeniosi</span> <span class='ocrx_word' id='word_1_148' title='bbox 1115 1963 1255 2006; x_wconf 89' lang='lat' dir='ltr'>commenta</span> <span class='ocrx_word' id='word_1_149' title='bbox 1279 1957 1375 2006; x_wconf 91' lang='lat' dir='ltr'>mireris</span> <span class='ocrx_word' id='word_1_150' title='bbox 1400 1957 1429 2006; x_wconf 93' lang='lat' dir='ltr'>C.</span> <span class='ocrx_word' id='word_1_151' title='bbox 1455 1958 1483 2008; x_wconf 88' lang='lat' dir='ltr'>F.</span> <span class='ocrx_word' id='word_1_152' title='bbox 1502 1957 1650 2004; x_wconf 87' lang='lat' dir='ltr'>Hermanno</span> 
     </span>
     <span class='ocr_line' id='line_1_16' title="bbox 422 2031 1649 2110; baseline -0.004 -15"><span class='ocrx_word' id='word_1_153' title='bbox 422 2047 568 2110; x_wconf 90' lang='lat' dir='ltr'>imposuisse</span> <span class='ocrx_word' id='word_1_154' title='bbox 592 2031 738 2110; x_wconf 79' lang='lat' dir='ltr'>(Staatsalt.¹</span> <span class='ocrx_word' id='word_1_155' title='bbox 765 2046 781 2108; x_wconf 62' lang='grc' dir='ltr'>ᾗ</span> <span class='ocrx_word' id='word_1_156' title='bbox 812 2043 873 2107; x_wconf 86' lang='grc'><strong>133,</strong></span> <span class='ocrx_word' id='word_1_157' title='bbox 900 2044 953 2109; x_wconf 78' lang='grc'>15).</span> <span class='ocrx_word' id='word_1_158' title='bbox 997 2045 1058 2108; x_wconf 90' lang='lat' dir='ltr'>Quis</span> <span class='ocrx_word' id='word_1_159' title='bbox 1083 2047 1149 2094; x_wconf 90' lang='lat' dir='ltr'>enim</span> <span class='ocrx_word' id='word_1_160' title='bbox 1173 2046 1214 2110; x_wconf 90' lang='lat' dir='ltr'>qui</span> <span class='ocrx_word' id='word_1_161' title='bbox 1248 2051 1330 2095; x_wconf 90' lang='lat' dir='ltr'>mente</span> <span class='ocrx_word' id='word_1_162' title='bbox 1361 2051 1440 2105; x_wconf 89' lang='lat' dir='ltr'>tenet,</span> <span class='ocrx_word' id='word_1_163' title='bbox 1469 2046 1566 2108; x_wconf 81' lang='lat' dir='ltr'>qualem</span> <span class='ocrx_word' id='word_1_164' title='bbox 1598 2044 1649 2091; x_wconf 89' lang='lat' dir='ltr'>vim</span> 
     </span>
     <span class='ocr_line' id='line_1_17' title="bbox 422 2133 1650 2203; baseline -0.005 -15"><span class='ocrx_word' id='word_1_165' title='bbox 422 2133 582 2203; x_wconf 80' lang='grc' dir='ltr'><em>εἰσαγγελία</em></span> <span class='ocrx_word' id='word_1_166' title='bbox 603 2133 628 2182; x_wconf 89' lang='lat' dir='ltr'>in</span> <span class='ocrx_word' id='word_1_167' title='bbox 647 2135 701 2182; x_wconf 86' lang='lat' dir='ltr'>loro</span> <span class='ocrx_word' id='word_1_168' title='bbox 722 2135 805 2182; x_wconf 86' lang='lat' dir='ltr'>Attico</span> <span class='ocrx_word' id='word_1_169' title='bbox 824 2134 946 2198; x_wconf 87' lang='lat' dir='ltr'>habuerit,</span> <span class='ocrx_word' id='word_1_170' title='bbox 965 2134 1100 2183; x_wconf 84' lang='lat' dir='ltr'>inauditum</span> <span class='ocrx_word' id='word_1_171' title='bbox 1120 2133 1180 2183; x_wconf 93' lang='lat' dir='ltr'>illud</span> <span class='ocrx_word' id='word_1_172' title='bbox 1198 2149 1275 2197; x_wconf 89' lang='lat' dir='ltr'>genus</span> <span class='ocrx_word' id='word_1_173' title='bbox 1294 2133 1467 2202; x_wconf 86' lang='grc' dir='ltr'><em>εἰσαγγελίας</em></span> <span class='ocrx_word' id='word_1_174' title='bbox 1492 2133 1557 2198; x_wconf 87' lang='lat' dir='ltr'>apud</span> <span class='ocrx_word' id='word_1_175' title='bbox 1583 2133 1650 2182; x_wconf 89' lang='lat' dir='ltr'>diae-</span> 
     </span>
    </p>

    <p class='ocr_par' dir='ltr' id='par_1_4' title="bbox 387 2205 1682 4780">
     <span class='ocr_line' id='line_1_18' title="bbox 422 2205 1682 2288; baseline -0.002 -16"><span class='ocrx_word' id='word_1_176' title='bbox 422 2231 485 2274; x_wconf 89' lang='lat' dir='ltr'>tetas</span> <span class='ocrx_word' id='word_1_177' title='bbox 505 2231 576 2273; x_wconf 88' lang='lat' dir='ltr'>actae</span> <span class='ocrx_word' id='word_1_178' title='bbox 596 2238 731 2288; x_wconf 82' lang='lat' dir='ltr'>agnoscere</span> <span class='ocrx_word' id='word_1_179' title='bbox 750 2224 858 2271; x_wconf 88' lang='lat' dir='ltr'>animum</span> <span class='ocrx_word' id='word_1_180' title='bbox 878 2223 1013 2271; x_wconf 89' lang='lat' dir='ltr'>induxerit?</span> <span class='ocrx_word' id='word_1_181' title='bbox 1039 2223 1105 2286; x_wconf 82' lang='lat' dir='ltr'>quali</span> <span class='ocrx_word' id='word_1_182' title='bbox 1124 2223 1155 2272; x_wconf 90' lang='lat' dir='ltr'>de</span> <span class='ocrx_word' id='word_1_183' title='bbox 1174 2225 1222 2272; x_wconf 93' lang='lat' dir='ltr'>suis</span> <span class='ocrx_word' id='word_1_184' title='bbox 1242 2224 1308 2288; x_wconf 89' lang='lat' dir='ltr'>ipsos</span> <span class='ocrx_word' id='word_1_185' title='bbox 1327 2223 1429 2288; x_wconf 88' lang='lat' dir='ltr'>collegis</span> <span class='ocrx_word' id='word_1_186' title='bbox 1443 2225 1561 2272; x_wconf 88' lang='lat' dir='ltr'>diaetetas</span> <span class='ocrx_word' id='word_1_187' title='bbox 1574 2238 1649 2286; x_wconf 90' lang='lat' dir='ltr'>quae·</span> <span class='ocrx_word' id='word_1_188' title='bbox 1681 2205 1682 2208; x_wconf 11' lang='grc' dir='ltr'><em>ἰ</em></span> 
     </span>
     <span class='ocr_line' id='line_1_19' title="bbox 421 2311 1649 2377; baseline -0.002 -16"><span class='ocrx_word' id='word_1_189' title='bbox 421 2313 506 2362; x_wconf 87' lang='lat' dir='ltr'>sivisse</span> <span class='ocrx_word' id='word_1_190' title='bbox 526 2321 598 2377; x_wconf 90' lang='lat' dir='ltr'>atque</span> <span class='ocrx_word' id='word_1_191' title='bbox 618 2312 681 2360; x_wconf 88' lang='lat' dir='ltr'>adeo</span> <span class='ocrx_word' id='word_1_192' title='bbox 701 2312 788 2374; x_wconf 89' lang='lat' dir='ltr'>capitis</span> <span class='ocrx_word' id='word_1_193' title='bbox 807 2311 999 2360; x_wconf 87' lang='lat' dir='ltr'>deminutionem</span> <span class='ocrx_word' id='word_1_194' title='bbox 1019 2312 1054 2360; x_wconf 88' lang='lat' dir='ltr'>eis</span> <span class='ocrx_word' id='word_1_195' title='bbox 1073 2312 1195 2376; x_wconf 88' lang='lat' dir='ltr'>irrogasse</span> <span class='ocrx_word' id='word_1_196' title='bbox 1213 2328 1244 2360; x_wconf 87' lang='lat' dir='ltr'>ne</span> <span class='ocrx_word' id='word_1_197' title='bbox 1262 2313 1370 2376; x_wconf 89' lang='lat' dir='ltr'>speciem</span> <span class='ocrx_word' id='word_1_198' title='bbox 1389 2313 1490 2377; x_wconf 88' lang='lat' dir='ltr'>quidem</span> <span class='ocrx_word' id='word_1_199' title='bbox 1502 2312 1577 2360; x_wconf 89' lang='lat' dir='ltr'>ullam</span> <span class='ocrx_word' id='word_1_200' title='bbox 1591 2315 1649 2376; x_wconf 88' lang='lat' dir='ltr'>pro-</span> 
     </span>
     <span class='ocr_line' id='line_1_20' title="bbox 422 2400 1649 2466; baseline 0 -18"><span class='ocrx_word' id='word_1_201' title='bbox 422 2401 560 2449; x_wconf 88' lang='lat' dir='ltr'>babilitatis</span> <span class='ocrx_word' id='word_1_202' title='bbox 580 2400 664 2466; x_wconf 87' lang='lat' dir='ltr'>habet,</span> <span class='ocrx_word' id='word_1_203' title='bbox 690 2401 780 2449; x_wconf 90' lang='lat' dir='ltr'>nedum</span> <span class='ocrx_word' id='word_1_204' title='bbox 805 2406 830 2448; x_wconf 92' lang='lat' dir='ltr'>ut</span> <span class='ocrx_word' id='word_1_205' title='bbox 850 2400 908 2448; x_wconf 89' lang='lat' dir='ltr'>talia</span> <span class='ocrx_word' id='word_1_206' title='bbox 927 2401 1058 2449; x_wconf 89' lang='lat' dir='ltr'>obtrudere</span> <span class='ocrx_word' id='word_1_207' title='bbox 1077 2401 1270 2464; x_wconf 90' lang='lat' dir='ltr'>Harpocrationi</span> <span class='ocrx_word' id='word_1_208' title='bbox 1295 2402 1372 2450; x_wconf 88' lang='lat' dir='ltr'>invito</span> <span class='ocrx_word' id='word_1_209' title='bbox 1392 2402 1472 2453; x_wconf 88' lang='lat' dir='ltr'>liceat.</span> <span class='ocrx_word' id='word_1_210' title='bbox 1509 2401 1575 2448; x_wconf 86' lang='lat' dir='ltr'>Nam</span> <span class='ocrx_word' id='word_1_211' title='bbox 1594 2400 1649 2448; x_wconf 87' lang='lat' dir='ltr'>bal·</span> 
     </span>
     <span class='ocr_line' id='line_1_21' title="bbox 422 2487 1648 2558; baseline 0.001 -21"><span class='ocrx_word' id='word_1_212' title='bbox 422 2490 555 2539; x_wconf 92' lang='lat' dir='ltr'>butientem</span> <span class='ocrx_word' id='word_1_213' title='bbox 575 2489 633 2538; x_wconf 81' lang='lat' dir='ltr'>lacit</span> <span class='ocrx_word' id='word_1_214' title='bbox 647 2490 873 2553; x_wconf 89' lang='lat' dir='ltr'>Harpocrationem</span> <span class='ocrx_word' id='word_1_215' title='bbox 892 2490 1012 2538; x_wconf 92' lang='lat' dir='ltr'>correctio</span> <span class='ocrx_word' id='word_1_216' title='bbox 1026 2487 1182 2558; x_wconf 82' lang='grc' dir='ltr'><em>εἰσαγγελία</em></span> <span class='ocrx_word' id='word_1_217' title='bbox 1202 2487 1258 2542; x_wconf 82' lang='grc' dir='ltr'><em>ε’στί</em></span> <span class='ocrx_word' id='word_1_218' title='bbox 1277 2487 1346 2547; x_wconf 72' lang='grc' dir='ltr'><em>κατα</em></span> <span class='ocrx_word' id='word_1_219' title='bbox 1365 2489 1433 2542; x_wconf 80' lang='grc' dir='ltr'>τῶν</span> <span class='ocrx_word' id='word_1_220' title='bbox 1452 2487 1648 2552; x_wconf 75' lang='grc' dir='ltr'><em>διαιτητῶν.</em></span> 
     </span>
     <span class='ocr_line' id='line_1_22' title="bbox 421 2571 1650 2651; baseline -0.002 -20"><span class='ocrx_word' id='word_1_221' title='bbox 421 2575 445 2631; x_wconf 85' lang='grc' dir='ltr'><em>εἰ</em></span> <span class='ocrx_word' id='word_1_222' title='bbox 463 2574 518 2650; x_wconf 78' lang='grc' dir='ltr'>γάρ</span> <span class='ocrx_word' id='word_1_223' title='bbox 536 2596 576 2636; x_wconf 88' lang='grc' dir='ltr'><em>τις</em></span> <span class='ocrx_word' id='word_1_224' title='bbox 596 2574 646 2630; x_wconf 80' lang='grc' dir='ltr'>ὑπὸ</span> <span class='ocrx_word' id='word_1_225' title='bbox 668 2571 849 2639; x_wconf 70' lang='grc' dir='ltr'><em>διαιτητοῦ</em></span> <span class='ocrx_word' id='word_1_226' title='bbox 868 2573 1018 2640; x_wconf 76' lang='grc' dir='ltr'><em>ἀδικηθείη,</em></span> <span class='ocrx_word' id='word_1_227' title='bbox 1038 2574 1101 2640; x_wconf 81' lang='grc' dir='ltr'>ἒξῆν</span> <span class='ocrx_word' id='word_1_228' title='bbox 1120 2577 1216 2631; x_wconf 78' lang='grc' dir='ltr'><em>τοῦτον</em></span> <span class='ocrx_word' id='word_1_229' title='bbox 1234 2575 1356 2648; x_wconf 78' lang='grc' dir='ltr'><em>εἰσάγειν</em></span> <span class='ocrx_word' id='word_1_230' title='bbox 1375 2576 1444 2651; x_wconf 82' lang='grc' dir='ltr'><em>πρὸς</em></span> <span class='ocrx_word' id='word_1_231' title='bbox 1462 2574 1519 2631; x_wconf 77' lang='grc' dir='ltr'><em>τοί)</em></span> <span class='ocrx_word' id='word_1_232' title='bbox 1526 2598 1540 2637; x_wconf 92' lang='grc' dir='ltr'><em>ς</em></span> <span class='ocrx_word' id='word_1_233' title='bbox 1559 2577 1650 2629; x_wconf 74' lang='lat' dir='ltr'>dtur·</span> 
     </span>
     <span class='ocr_line' id='line_1_23' title="bbox 420 2660 1649 2740; baseline 0 -22"><span class='ocrx_word' id='word_1_234' title='bbox 420 2662 536 2730; x_wconf 82' lang='grc' dir='ltr'><em>τητάς;</em></span> <span class='ocrx_word' id='word_1_235' title='bbox 567 2667 674 2716; x_wconf 89' lang='lat' dir='ltr'>debebat</span> <span class='ocrx_word' id='word_1_236' title='bbox 692 2667 779 2715; x_wconf 90' lang='lat' dir='ltr'>saltem</span> <span class='ocrx_word' id='word_1_237' title='bbox 799 2667 905 2715; x_wconf 89' lang='lat' dir='ltr'>scribere</span> <span class='ocrx_word' id='word_1_238' title='bbox 924 2662 990 2738; x_wconf 81' lang='grc' dir='ltr'><em>πρὸς</em></span> <span class='ocrx_word' id='word_1_239' title='bbox 1009 2662 1069 2724; x_wconf 78' lang='grc' dir='ltr'>τούς</span> <span class='ocrx_word' id='word_1_240' title='bbox 1088 2660 1180 2726; x_wconf 74' lang='grc' dir='ltr'><em>ἄλλους</em></span> <span class='ocrx_word' id='word_1_241' title='bbox 1199 2664 1337 2731; x_wconf 78' lang='grc' dir='ltr'><em>διαιτητάς</em></span> <span class='ocrx_word' id='word_1_242' title='bbox 1360 2669 1411 2717; x_wconf 89' lang='lat' dir='ltr'>sive</span> <span class='ocrx_word' id='word_1_243' title='bbox 1433 2663 1502 2740; x_wconf 74' lang='grc' dir='ltr'><em>πρὸς</em></span> <span class='ocrx_word' id='word_1_244' title='bbox 1519 2663 1569 2719; x_wconf 76' lang='grc' dir='ltr'>τὸν</span> <span class='ocrx_word' id='word_1_245' title='bbox 1587 2662 1649 2719; x_wconf 75' lang='grc' dir='ltr'><em>σύλ-</em></span> 
     </span>
     <span class='ocr_line' id='line_1_24' title="bbox 418 2750 1652 2827; baseline -0.003 -19"><span class='ocrx_word' id='word_1_246' title='bbox 418 2756 500 2824; x_wconf 87' lang='grc' dir='ltr'><em>λογον</em></span> <span class='ocrx_word' id='word_1_247' title='bbox 517 2750 576 2822; x_wconf 79' lang='grc' dir='ltr'><em>(την</em></span> <span class='ocrx_word' id='word_1_248' title='bbox 595 2752 702 2827; x_wconf 72' lang='grc' dir='ltr'><em>ἡμέραν</em></span> <span class='ocrx_word' id='word_1_249' title='bbox 723 2765 787 2804; x_wconf 91' lang='lat' dir='ltr'>certe</span> <span class='ocrx_word' id='word_1_250' title='bbox 806 2756 826 2803; x_wconf 95' lang='lat' dir='ltr'>si</span> <span class='ocrx_word' id='word_1_251' title='bbox 844 2755 950 2820; x_wconf 85' lang='lat' dir='ltr'>Bergkio</span> <span class='ocrx_word' id='word_1_252' title='bbox 970 2756 1134 2819; x_wconf 77' lang='lat' dir='ltr'>obsequimur)</span> <span class='ocrx_word' id='word_1_253' title='bbox 1153 2754 1208 2808; x_wconf 84' lang='grc' dir='ltr'>τῶν</span> <span class='ocrx_word' id='word_1_254' title='bbox 1228 2756 1379 2819; x_wconf 69' lang='grc' dir='ltr'><em>διαιτητῶν.</em></span> <span class='ocrx_word' id='word_1_255' title='bbox 1417 2757 1503 2821; x_wconf 90' lang='lat' dir='ltr'>Neque</span> <span class='ocrx_word' id='word_1_256' title='bbox 1521 2773 1581 2806; x_wconf 88' lang='lat' dir='ltr'>vero</span> <span class='ocrx_word' id='word_1_257' title='bbox 1600 2761 1652 2806; x_wconf 89' lang='lat' dir='ltr'>tum</span> 
     </span>
     <span class='ocr_line' id='line_1_25' title="bbox 421 2844 1650 2911; baseline -0.002 -17"><span class='ocrx_word' id='word_1_258' title='bbox 421 2853 478 2910; x_wconf 90' lang='lat' dir='ltr'>apte</span> <span class='ocrx_word' id='word_1_259' title='bbox 498 2846 668 2909; x_wconf 86' lang='lat' dir='ltr'>explicaretur,</span> <span class='ocrx_word' id='word_1_260' title='bbox 687 2845 729 2908; x_wconf 92' lang='lat' dir='ltr'>qui</span> <span class='ocrx_word' id='word_1_261' title='bbox 748 2844 800 2892; x_wconf 88' lang='lat' dir='ltr'>fieri</span> <span class='ocrx_word' id='word_1_262' title='bbox 818 2845 932 2909; x_wconf 91' lang='lat' dir='ltr'>potuerit,</span> <span class='ocrx_word' id='word_1_263' title='bbox 950 2849 976 2893; x_wconf 92' lang='lat' dir='ltr'>ut</span> <span class='ocrx_word' id='word_1_264' title='bbox 994 2844 1019 2893; x_wconf 95' lang='lat' dir='ltr'>in</span> <span class='ocrx_word' id='word_1_265' title='bbox 1037 2846 1124 2894; x_wconf 92' lang='lat' dir='ltr'>ultimo</span> <span class='ocrx_word' id='word_1_266' title='bbox 1144 2847 1201 2893; x_wconf 88' lang='lat' dir='ltr'>anni</span> <span class='ocrx_word' id='word_1_267' title='bbox 1215 2862 1328 2895; x_wconf 92' lang='lat' dir='ltr'>consessu</span> <span class='ocrx_word' id='word_1_268' title='bbox 1341 2847 1383 2911; x_wconf 92' lang='lat' dir='ltr'>qui</span> <span class='ocrx_word' id='word_1_269' title='bbox 1396 2847 1488 2896; x_wconf 87' lang='lat' dir='ltr'>iudices</span> <span class='ocrx_word' id='word_1_270' title='bbox 1504 2846 1650 2895; x_wconf 88' lang='lat' dir='ltr'>sententiam</span> 
     </span>
     <span class='ocr_line' id='line_1_26' title="bbox 420 2915 1648 3004; baseline 0.001 -20"><span class='ocrx_word' id='word_1_271' title='bbox 420 2935 485 2984; x_wconf 80' lang='lat' dir='ltr'>ferre</span> <span class='ocrx_word' id='word_1_272' title='bbox 503 2934 636 2996; x_wconf 89' lang='lat' dir='ltr'>debebant,</span> <span class='ocrx_word' id='word_1_273' title='bbox 655 2949 739 2982; x_wconf 90' lang='lat' dir='ltr'>eorum</span> <span class='ocrx_word' id='word_1_274' title='bbox 758 2948 852 2997; x_wconf 89' lang='lat' dir='ltr'>magua</span> <span class='ocrx_word' id='word_1_275' title='bbox 871 2949 928 2998; x_wconf 85' lang='lat' dir='ltr'>pars</span> <span class='ocrx_word' id='word_1_276' title='bbox 946 2935 1033 2983; x_wconf 87' lang='lat' dir='ltr'>abesse</span> <span class='ocrx_word' id='word_1_277' title='bbox 1051 2915 1146 2983; x_wconf 35' lang='lat' dir='ltr'>soleret*</span> <span class='ocrx_word' id='word_1_278' title='bbox 1160 2931 1209 3000; x_wconf 82' lang='grc' dir='ltr'><em>(εἰς</em></span> <span class='ocrx_word' id='word_1_279' title='bbox 1227 2930 1260 2998; x_wconf 78' lang='grc' dir='ltr'>ἣν</span> <span class='ocrx_word' id='word_1_280' title='bbox 1279 2931 1292 2986; x_wconf 82' lang='grc' dir='ltr'><em>ὃ</em></span> <span class='ocrx_word' id='word_1_281' title='bbox 1312 2933 1366 3004; x_wconf 86' lang='grc' dir='ltr'>μέν</span> <span class='ocrx_word' id='word_1_282' title='bbox 1391 2925 1456 2998; x_wconf 73' lang='grc' dir='ltr'><em>ἦλθε</em></span> <span class='ocrx_word' id='word_1_283' title='bbox 1475 2929 1529 2987; x_wconf 82' lang='grc' dir='ltr'>τῶν</span> <span class='ocrx_word' id='word_1_284' title='bbox 1548 2933 1648 2995; x_wconf 78' lang='grc' dir='ltr'><em>ιίιαιτη-</em></span> 
     </span>
     <span class='ocr_line' id='line_1_27' title="bbox 420 3011 1650 3089; baseline -0.006 -13"><span class='ocrx_word' id='word_1_285' title='bbox 420 3022 475 3076; x_wconf 84' lang='grc' dir='ltr'>τῶν</span> <span class='ocrx_word' id='word_1_286' title='bbox 495 3021 508 3072; x_wconf 87' lang='grc' dir='ltr'><strong>ὁ</strong></span> <span class='ocrx_word' id='word_1_287' title='bbox 528 3019 555 3073; x_wconf 80' lang='lat' dir='ltr'>d&#39;</span> <span class='ocrx_word' id='word_1_288' title='bbox 577 3019 624 3074; x_wconf 76' lang='lat' dir='ltr'>erin</span> <span class='ocrx_word' id='word_1_289' title='bbox 650 3011 744 3086; x_wconf 70' lang='grc' dir='ltr'><em>ἦλθε)ι</em></span> <span class='ocrx_word' id='word_1_290' title='bbox 771 3037 875 3086; x_wconf 90' lang='lat' dir='ltr'>quorum</span> <span class='ocrx_word' id='word_1_291' title='bbox 899 3038 928 3070; x_wconf 90' lang='lat' dir='ltr'>ex</span> <span class='ocrx_word' id='word_1_292' title='bbox 951 3038 1053 3072; x_wconf 91' lang='lat' dir='ltr'>numero</span> <span class='ocrx_word' id='word_1_293' title='bbox 1077 3039 1121 3088; x_wconf 93' lang='lat' dir='ltr'>per</span> <span class='ocrx_word' id='word_1_294' title='bbox 1139 3039 1165 3072; x_wconf 93' lang='lat' dir='ltr'>se</span> <span class='ocrx_word' id='word_1_295' title='bbox 1183 3025 1251 3072; x_wconf 90' lang='lat' dir='ltr'>haud</span> <span class='ocrx_word' id='word_1_296' title='bbox 1270 3040 1363 3089; x_wconf 90' lang='lat' dir='ltr'>magno</span> <span class='ocrx_word' id='word_1_297' title='bbox 1390 3052 1423 3060; x_wconf 96' lang='lat'>-</span> <span class='ocrx_word' id='word_1_298' title='bbox 1443 3025 1516 3073; x_wconf 89' lang='lat' dir='ltr'>etiam</span> <span class='ocrx_word' id='word_1_299' title='bbox 1536 3025 1556 3072; x_wconf 95' lang='lat' dir='ltr'>si</span> <span class='ocrx_word' id='word_1_300' title='bbox 1575 3023 1650 3086; x_wconf 85' lang='lat' dir='ltr'>largi-</span> 
     </span>
     <span class='ocr_line' id='line_1_28' title="bbox 421 3111 1650 3178; baseline -0.002 -16"><span class='ocrx_word' id='word_1_301' title='bbox 421 3129 492 3162; x_wconf 90' lang='lat' dir='ltr'>amur</span> <span class='ocrx_word' id='word_1_302' title='bbox 516 3111 625 3176; x_wconf 88' lang='lat' dir='ltr'>Bergkio</span> <span class='ocrx_word' id='word_1_303' title='bbox 650 3111 758 3160; x_wconf 92' lang='lat' dir='ltr'>ducenos</span> <span class='ocrx_word' id='word_1_304' title='bbox 782 3111 954 3175; x_wconf 89' lang='lat' dir='ltr'>quadragenos</span> <span class='ocrx_word' id='word_1_305' title='bbox 978 3111 1051 3160; x_wconf 83' lang='lat' dir='ltr'>fuisse</span> <span class='ocrx_word' id='word_1_306' title='bbox 1076 3113 1195 3162; x_wconf 86' lang='lat' dir='ltr'>diaetetas</span> <span class='ocrx_word' id='word_1_307' title='bbox 1220 3129 1329 3164; x_wconf 84' lang='lat' dir='ltr'>annuos:</span> <span class='ocrx_word' id='word_1_308' title='bbox 1356 3129 1434 3178; x_wconf 91' lang='lat' dir='ltr'>neque</span> <span class='ocrx_word' id='word_1_309' title='bbox 1463 3113 1530 3162; x_wconf 87' lang='lat' dir='ltr'>enim</span> <span class='ocrx_word' id='word_1_310' title='bbox 1555 3117 1650 3161; x_wconf 89' lang='lat' dir='ltr'>constat</span> 
     </span>
     <span class='ocr_line' id='line_1_29' title="bbox 420 3199 1650 3267; baseline -0.002 -16"><span class='ocrx_word' id='word_1_311' title='bbox 420 3202 467 3251; x_wconf 89' lang='lat' dir='ltr'>nisi</span> <span class='ocrx_word' id='word_1_312' title='bbox 487 3201 540 3265; x_wconf 91' lang='lat' dir='ltr'>plus</span> <span class='ocrx_word' id='word_1_313' title='bbox 559 3205 656 3250; x_wconf 91' lang='lat' dir='ltr'>centum</span> <span class='ocrx_word' id='word_1_314' title='bbox 674 3199 747 3248; x_wconf 86' lang='lat' dir='ltr'>fuisse</span> <span class='ocrx_word' id='word_1_315' title='bbox 766 3227 801 3236; x_wconf 98' lang='lat'>-</span> <span class='ocrx_word' id='word_1_316' title='bbox 820 3201 840 3248; x_wconf 95' lang='lat' dir='ltr'>si</span> <span class='ocrx_word' id='word_1_317' title='bbox 858 3201 925 3248; x_wconf 88' lang='lat' dir='ltr'>bona</span> <span class='ocrx_word' id='word_1_318' title='bbox 944 3216 1002 3264; x_wconf 88' lang='lat' dir='ltr'>pars</span> <span class='ocrx_word' id='word_1_319' title='bbox 1020 3200 1151 3267; x_wconf 88' lang='lat' dir='ltr'>tolleretur,</span> <span class='ocrx_word' id='word_1_320' title='bbox 1171 3202 1243 3266; x_wconf 86' lang='lat' dir='ltr'>quale</span> <span class='ocrx_word' id='word_1_321' title='bbox 1263 3202 1363 3252; x_wconf 89' lang='lat' dir='ltr'>tandem</span> <span class='ocrx_word' id='word_1_322' title='bbox 1383 3203 1491 3251; x_wconf 89' lang='lat' dir='ltr'>iudicum</span> <span class='ocrx_word' id='word_1_323' title='bbox 1517 3201 1650 3264; x_wconf 85' lang='lat' dir='ltr'>collegium</span> 
     </span>
     <span class='ocr_line' id='line_1_30' title="bbox 422 3284 1650 3356; baseline 0.001 -17"><span class='ocrx_word' id='word_1_324' title='bbox 422 3291 620 3355; x_wconf 87' lang='lat' dir='ltr'>relinquebatur?</span> <span class='ocrx_word' id='word_1_325' title='bbox 652 3288 716 3337; x_wconf 91' lang='lat' dir='ltr'>unde</span> <span class='ocrx_word' id='word_1_326' title='bbox 741 3289 877 3339; x_wconf 91' lang='lat' dir='ltr'>admodum</span> <span class='ocrx_word' id='word_1_327' title='bbox 909 3289 1037 3338; x_wconf 90' lang='lat' dir='ltr'>ridiculum</span> <span class='ocrx_word' id='word_1_328' title='bbox 1064 3296 1125 3339; x_wconf 89' lang='lat' dir='ltr'>esset</span> <span class='ocrx_word' id='word_1_329' title='bbox 1155 3292 1223 3355; x_wconf 92' lang='lat' dir='ltr'>quod</span> <span class='ocrx_word' id='word_1_330' title='bbox 1254 3297 1338 3340; x_wconf 90' lang='lat' dir='ltr'>orator</span> <span class='ocrx_word' id='word_1_331' title='bbox 1368 3291 1475 3356; x_wconf 84' lang='lat' dir='ltr'>queritur</span> <span class='ocrx_word' id='word_1_332' title='bbox 1505 3284 1650 3346; x_wconf 73' lang='grc' dir='ltr'><em>οὐδενὸς</em></span> 
     </span>
     <span class='ocr_line' id='line_1_31' title="bbox 421 3376 1650 3451; baseline -0.003 -21"><span class='ocrx_word' id='word_1_333' title='bbox 421 3376 599 3451; x_wconf 80' lang='grc' dir='ltr'><em>παρόντος</em></span> <span class='ocrx_word' id='word_1_334' title='bbox 628 3377 768 3442; x_wconf 87' lang='lat' dir='ltr'>praesidem</span> <span class='ocrx_word' id='word_1_335' title='bbox 792 3377 910 3426; x_wconf 88' lang='lat' dir='ltr'>diaetetas</span> <span class='ocrx_word' id='word_1_336' title='bbox 935 3378 960 3425; x_wconf 89' lang='lat' dir='ltr'>in</span> <span class='ocrx_word' id='word_1_337' title='bbox 985 3378 1103 3444; x_wconf 83' lang='lat' dir='ltr'>sult&#39;ragia</span> <span class='ocrx_word' id='word_1_338' title='bbox 1130 3379 1240 3436; x_wconf 88' lang='lat' dir='ltr'>misisse;</span> <span class='ocrx_word' id='word_1_339' title='bbox 1266 3395 1312 3430; x_wconf 88' lang='lat' dir='ltr'>nec</span> <span class='ocrx_word' id='word_1_340' title='bbox 1332 3396 1372 3428; x_wconf 92' lang='lat' dir='ltr'>cur</span> <span class='ocrx_word' id='word_1_341' title='bbox 1391 3378 1520 3451; x_wconf 75' lang='grc' dir='ltr'><em>κλητῆρας</em></span> <span class='ocrx_word' id='word_1_342' title='bbox 1539 3395 1589 3428; x_wconf 91' lang='lat' dir='ltr'>non</span> <span class='ocrx_word' id='word_1_343' title='bbox 1607 3379 1650 3426; x_wconf 91' lang='lat' dir='ltr'>ad·</span> 
     </span>
     <span class='ocr_line' id='line_1_32' title="bbox 421 3467 1649 3533; baseline -0.004 -14"><span class='ocrx_word' id='word_1_344' title='bbox 421 3471 527 3533; x_wconf 91' lang='lat' dir='ltr'>scriptos</span> <span class='ocrx_word' id='word_1_345' title='bbox 546 3469 646 3516; x_wconf 90' lang='lat' dir='ltr'>obicere</span> <span class='ocrx_word' id='word_1_346' title='bbox 664 3468 749 3530; x_wconf 90' lang='lat' dir='ltr'>possit,</span> <span class='ocrx_word' id='word_1_347' title='bbox 770 3482 844 3515; x_wconf 88' lang='lat' dir='ltr'>causa</span> <span class='ocrx_word' id='word_1_348' title='bbox 862 3467 953 3516; x_wconf 87' lang='lat' dir='ltr'>idonea</span> <span class='ocrx_word' id='word_1_349' title='bbox 972 3474 1015 3518; x_wconf 92' lang='lat' dir='ltr'>est.</span> <span class='ocrx_word' id='word_1_350' title='bbox 1046 3468 1138 3517; x_wconf 90' lang='lat' dir='ltr'>Verum</span> <span class='ocrx_word' id='word_1_351' title='bbox 1158 3468 1189 3518; x_wconf 92' lang='lat' dir='ltr'>de</span> <span class='ocrx_word' id='word_1_352' title='bbox 1209 3467 1322 3518; x_wconf 87' lang='lat' dir='ltr'>Stratone</span> <span class='ocrx_word' id='word_1_353' title='bbox 1342 3470 1367 3518; x_wconf 87' lang='lat' dir='ltr'>iu</span> <span class='ocrx_word' id='word_1_354' title='bbox 1385 3469 1478 3518; x_wconf 92' lang='lat' dir='ltr'>iudicio</span> <span class='ocrx_word' id='word_1_355' title='bbox 1491 3468 1649 3517; x_wconf 81' lang='lat' dir='ltr'>heliastarum</span> 
     </span>
     <span class='ocr_line' id='line_1_33' title="bbox 421 3550 1651 3625; baseline 0.001 -19"><span class='ocrx_word' id='word_1_356' title='bbox 421 3559 565 3608; x_wconf 88' lang='lat' dir='ltr'>sententiam</span> <span class='ocrx_word' id='word_1_357' title='bbox 585 3558 662 3604; x_wconf 90' lang='lat' dir='ltr'>latam</span> <span class='ocrx_word' id='word_1_358' title='bbox 681 3556 754 3604; x_wconf 84' lang='lat' dir='ltr'>luisse</span> <span class='ocrx_word' id='word_1_359' title='bbox 772 3556 841 3605; x_wconf 87' lang='lat' dir='ltr'>haud</span> <span class='ocrx_word' id='word_1_360' title='bbox 858 3557 963 3606; x_wconf 87' lang='lat' dir='ltr'>obscure</span> <span class='ocrx_word' id='word_1_361' title='bbox 981 3557 1103 3620; x_wconf 86' lang='lat' dir='ltr'>significat</span> <span class='ocrx_word' id='word_1_362' title='bbox 1122 3560 1136 3621; x_wconf 65' lang='grc' dir='ltr'>ξ</span> <span class='ocrx_word' id='word_1_363' title='bbox 1162 3556 1194 3609; x_wconf 85' lang='grc'>91</span> <span class='ocrx_word' id='word_1_364' title='bbox 1215 3551 1274 3608; x_wconf 75' lang='grc' dir='ltr'><em>ἀλλ’</em></span> <span class='ocrx_word' id='word_1_365' title='bbox 1302 3553 1393 3621; x_wconf 74' lang='grc' dir='ltr'><em>ἐπειδή</em></span> <span class='ocrx_word' id='word_1_366' title='bbox 1412 3575 1444 3625; x_wconf 87' lang='grc' dir='ltr'><em>γε</em></span> <span class='ocrx_word' id='word_1_367' title='bbox 1464 3552 1600 3624; x_wconf 77' lang='grc' dir='ltr'><em>ἠτίμωσεν</em></span> <span class='ocrx_word' id='word_1_368' title='bbox 1619 3550 1651 3607; x_wconf 81' lang='grc' dir='ltr'>ὃν</span> 
     </span>
     <span class='ocr_line' id='line_1_34' title="bbox 422 3639 1651 3716; baseline -0.005 -17"><span class='ocrx_word' id='word_1_369' title='bbox 422 3643 555 3716; x_wconf 75' lang='grc' dir='ltr'><em>η’βουληθη</em></span> <span class='ocrx_word' id='word_1_370' title='bbox 575 3643 621 3696; x_wconf 87' lang='grc' dir='ltr'>καὶ</span> <span class='ocrx_word' id='word_1_371' title='bbox 640 3639 715 3696; x_wconf 81' lang='grc' dir='ltr'><em>τοῦτ’</em></span> <span class='ocrx_word' id='word_1_372' title='bbox 736 3640 957 3716; x_wconf 76' lang='grc' dir='ltr'><em>ἐχαρίσασθε</em></span> <span class='ocrx_word' id='word_1_373' title='bbox 976 3641 1069 3713; x_wconf 73' lang='grc' dir='ltr'><em>αὐτῷ</em></span> <span class='ocrx_word' id='word_1_374' title='bbox 1088 3646 1140 3697; x_wconf 85' lang='grc' dir='ltr'><em>κτλ.</em></span> <span class='ocrx_word' id='word_1_375' title='bbox 1172 3647 1211 3696; x_wconf 91' lang='lat' dir='ltr'>Ne</span> <span class='ocrx_word' id='word_1_376' title='bbox 1229 3647 1314 3706; x_wconf 88' lang='lat' dir='ltr'>multa,</span> <span class='ocrx_word' id='word_1_377' title='bbox 1333 3648 1442 3698; x_wconf 88' lang='lat' dir='ltr'>concidit</span> <span class='ocrx_word' id='word_1_378' title='bbox 1461 3647 1561 3711; x_wconf 82' lang='lat' dir='ltr'>Bergkii</span> <span class='ocrx_word' id='word_1_379' title='bbox 1580 3661 1651 3710; x_wconf 87' lang='lat' dir='ltr'>argu·</span> 
     </span>
     <span class='ocr_line' id='line_1_35' title="bbox 420 3733 1651 3798; baseline -0.002 -13"><span class='ocrx_word' id='word_1_380' title='bbox 420 3737 538 3785; x_wconf 89' lang='lat' dir='ltr'>mentatio</span> <span class='ocrx_word' id='word_1_381' title='bbox 558 3735 626 3783; x_wconf 92' lang='lat' dir='ltr'>omni</span> <span class='ocrx_word' id='word_1_382' title='bbox 644 3733 805 3782; x_wconf 80' lang='lat' dir='ltr'>fundamento</span> <span class='ocrx_word' id='word_1_383' title='bbox 826 3733 947 3785; x_wconf 89' lang='lat' dir='ltr'>destituta.</span> <span class='ocrx_word' id='word_1_384' title='bbox 984 3734 1094 3782; x_wconf 88' lang='lat' dir='ltr'>Omnino</span> <span class='ocrx_word' id='word_1_385' title='bbox 1112 3735 1143 3783; x_wconf 92' lang='lat' dir='ltr'>de</span> <span class='ocrx_word' id='word_1_386' title='bbox 1162 3735 1322 3798; x_wconf 86' lang='lat' dir='ltr'>‘eisangelia’</span> <span class='ocrx_word' id='word_1_387' title='bbox 1341 3736 1503 3784; x_wconf 88' lang='lat' dir='ltr'>diaetetarum</span> <span class='ocrx_word' id='word_1_388' title='bbox 1527 3733 1651 3798; x_wconf 90' lang='lat' dir='ltr'>scrupulus</span> 
     </span>
     <span class='ocr_line' id='line_1_36' title="bbox 421 3819 1651 3888; baseline -0.001 -14"><span class='ocrx_word' id='word_1_389' title='bbox 421 3825 483 3875; x_wconf 90' lang='lat' dir='ltr'>mibi</span> <span class='ocrx_word' id='word_1_390' title='bbox 502 3825 582 3888; x_wconf 87' lang='lat' dir='ltr'>utique</span> <span class='ocrx_word' id='word_1_391' title='bbox 600 3828 688 3880; x_wconf 90' lang='lat' dir='ltr'>restat;</span> <span class='ocrx_word' id='word_1_392' title='bbox 711 3823 750 3870; x_wconf 73' lang='lat' dir='ltr'>iix</span> <span class='ocrx_word' id='word_1_393' title='bbox 768 3823 834 3870; x_wconf 89' lang='lat' dir='ltr'>enim</span> <span class='ocrx_word' id='word_1_394' title='bbox 854 3823 948 3884; x_wconf 89' lang='lat' dir='ltr'>dubito,</span> <span class='ocrx_word' id='word_1_395' title='bbox 967 3824 1025 3886; x_wconf 92' lang='lat' dir='ltr'>quin</span> <span class='ocrx_word' id='word_1_396' title='bbox 1040 3823 1244 3888; x_wconf 83' lang='lat' dir='ltr'>Harpocratiouis</span> <span class='ocrx_word' id='word_1_397' title='bbox 1264 3825 1391 3874; x_wconf 88' lang='lat' dir='ltr'>adnotatio</span> <span class='ocrx_word' id='word_1_398' title='bbox 1404 3820 1468 3887; x_wconf 80' lang='grc' dir='ltr'><em>έξην</em></span> <span class='ocrx_word' id='word_1_399' title='bbox 1486 3821 1583 3876; x_wconf 79' lang='grc' dir='ltr'><em>τοῦτον</em></span> <span class='ocrx_word' id='word_1_400' title='bbox 1601 3819 1651 3880; x_wconf 83' lang='grc' dir='ltr'><em>εἰς·</em></span> 
     </span>
     <span class='ocr_line' id='line_1_37' title="bbox 421 3905 1651 3984; baseline -0.002 -20"><span class='ocrx_word' id='word_1_401' title='bbox 421 3913 561 3982; x_wconf 90' lang='grc' dir='ltr'><em>αγγέλλειν</em></span> <span class='ocrx_word' id='word_1_402' title='bbox 578 3906 663 3984; x_wconf 73' lang='grc' dir='ltr'><em>πρὸς</em></span> <span class='ocrx_word' id='word_1_403' title='bbox 687 3905 766 3968; x_wconf 79' lang='grc' dir='ltr'><em>τοὺς</em></span> <span class='ocrx_word' id='word_1_404' title='bbox 791 3907 975 3970; x_wconf 72' lang='grc' dir='ltr'><em>δικαστάς,</em></span> <span class='ocrx_word' id='word_1_405' title='bbox 1000 3911 1058 3964; x_wconf 84' lang='grc' dir='ltr'>καὶ</span> <span class='ocrx_word' id='word_1_406' title='bbox 1083 3908 1185 3970; x_wconf 78' lang='grc' dir='ltr'><em>ἀλαὸς</em></span> <span class='ocrx_word' id='word_1_407' title='bbox 1211 3909 1380 3981; x_wconf 78' lang='grc' dir='ltr'><em>ητιμοῦτο</em></span> <span class='ocrx_word' id='word_1_408' title='bbox 1414 3910 1479 3978; x_wconf 89' lang='lat' dir='ltr'>(sim.</span> <span class='ocrx_word' id='word_1_409' title='bbox 1498 3911 1577 3962; x_wconf 88' lang='lat' dir='ltr'>Bekk.</span> <span class='ocrx_word' id='word_1_410' title='bbox 1602 3913 1651 3962; x_wconf 89' lang='lat' dir='ltr'>An.</span> 
     </span>
     <span class='ocr_line' id='line_1_38' title="bbox 420 3999 1651 4068; baseline -0.003 -16"><span class='ocrx_word' id='word_1_411' title='bbox 420 4020 444 4068; x_wconf 93' lang='lat' dir='ltr'>p.</span> <span class='ocrx_word' id='word_1_412' title='bbox 465 4001 516 4054; x_wconf 73' lang='lat'>235</span> <span class='ocrx_word' id='word_1_413' title='bbox 535 4018 559 4057; x_wconf 72' lang='lat' dir='ltr'>v,</span> <span class='ocrx_word' id='word_1_414' title='bbox 580 3999 724 4063; x_wconf 71' lang='grc' dir='ltr'><em>διαιτηταί·</em></span> <span class='ocrx_word' id='word_1_415' title='bbox 744 4015 773 4048; x_wconf 91' lang='lat' dir='ltr'>ex</span> <span class='ocrx_word' id='word_1_416' title='bbox 791 4000 841 4049; x_wconf 90' lang='lat' dir='ltr'>bac</span> <span class='ocrx_word' id='word_1_417' title='bbox 860 4001 914 4064; x_wconf 89' lang='lat' dir='ltr'>ipsa</span> <span class='ocrx_word' id='word_1_418' title='bbox 932 4002 1073 4051; x_wconf 85' lang='lat' dir='ltr'>narratione</span> <span class='ocrx_word' id='word_1_419' title='bbox 1092 4003 1124 4050; x_wconf 91' lang='lat' dir='ltr'>de</span> <span class='ocrx_word' id='word_1_420' title='bbox 1143 4002 1271 4068; x_wconf 88' lang='lat' dir='ltr'>Stratone,</span> <span class='ocrx_word' id='word_1_421' title='bbox 1290 4003 1316 4050; x_wconf 92' lang='lat' dir='ltr'>in</span> <span class='ocrx_word' id='word_1_422' title='bbox 1335 4017 1383 4066; x_wconf 85' lang='lat' dir='ltr'>qua</span> <span class='ocrx_word' id='word_1_423' title='bbox 1401 4017 1534 4067; x_wconf 88' lang='lat' dir='ltr'>versamur,</span> <span class='ocrx_word' id='word_1_424' title='bbox 1554 4001 1651 4049; x_wconf 87' lang='lat' dir='ltr'>coniec-</span> 
     </span>
     <span class='ocr_line' id='line_1_39' title="bbox 387 4072 1651 4156; baseline -0.003 -15"><span class='ocrx_word' id='word_1_425' title='bbox 387 4072 391 4082; x_wconf 38' lang='grc' dir='ltr'>Ι</span> <span class='ocrx_word' id='word_1_426' title='bbox 421 4092 496 4141; x_wconf 91' lang='lat' dir='ltr'>tando</span> <span class='ocrx_word' id='word_1_427' title='bbox 516 4091 597 4140; x_wconf 80' lang='lat' dir='ltr'>efficta</span> <span class='ocrx_word' id='word_1_428' title='bbox 613 4091 651 4142; x_wconf 80' lang='lat' dir='ltr'>sit.</span> <span class='ocrx_word' id='word_1_429' title='bbox 678 4089 753 4152; x_wconf 90' lang='lat' dir='ltr'>Quod</span> <span class='ocrx_word' id='word_1_430' title='bbox 770 4089 791 4138; x_wconf 95' lang='lat' dir='ltr'>si</span> <span class='ocrx_word' id='word_1_431' title='bbox 802 4089 836 4137; x_wconf 89' lang='lat' dir='ltr'>ita</span> <span class='ocrx_word' id='word_1_432' title='bbox 851 4100 894 4155; x_wconf 89' lang='lat' dir='ltr'>est,</span> <span class='ocrx_word' id='word_1_433' title='bbox 914 4090 1102 4154; x_wconf 85' lang='lat' dir='ltr'>explicationem</span> <span class='ocrx_word' id='word_1_434' title='bbox 1120 4091 1153 4140; x_wconf 85' lang='lat' dir='ltr'>ab</span> <span class='ocrx_word' id='word_1_435' title='bbox 1171 4091 1213 4141; x_wconf 92' lang='lat' dir='ltr'>illo</span> <span class='ocrx_word' id='word_1_436' title='bbox 1227 4091 1382 4156; x_wconf 88' lang='lat' dir='ltr'>propositam</span> <span class='ocrx_word' id='word_1_437' title='bbox 1394 4105 1481 4154; x_wconf 84' lang='lat' dir='ltr'>parum</span> <span class='ocrx_word' id='word_1_438' title='bbox 1494 4089 1651 4154; x_wconf 89' lang='lat' dir='ltr'>probabilem</span> 
     </span>
     <span class='ocr_line' id='line_1_40' title="bbox 420 4173 1653 4251; baseline -0.004 -20"><span class='ocrx_word' id='word_1_439' title='bbox 420 4181 523 4231; x_wconf 86' lang='lat' dir='ltr'>reddunt</span> <span class='ocrx_word' id='word_1_440' title='bbox 540 4180 617 4228; x_wconf 88' lang='lat' dir='ltr'>verba</span> <span class='ocrx_word' id='word_1_441' title='bbox 635 4173 758 4247; x_wconf 80' lang='grc' dir='ltr'><em>φυλάξας</em></span> <span class='ocrx_word' id='word_1_442' title='bbox 776 4173 825 4240; x_wconf 76' lang='grc' dir='ltr'>τὴν</span> <span class='ocrx_word' id='word_1_443' title='bbox 842 4173 1000 4230; x_wconf 73' lang='grc' dir='ltr'><em>τελευταίαν</em></span> <span class='ocrx_word' id='word_1_444' title='bbox 1024 4175 1130 4251; x_wconf 78' lang='grc' dir='ltr'><em>ἡμέραν</em></span> <span class='ocrx_word' id='word_1_445' title='bbox 1152 4177 1207 4231; x_wconf 84' lang='grc' dir='ltr'>τῶν</span> <span class='ocrx_word' id='word_1_446' title='bbox 1230 4177 1382 4242; x_wconf 77' lang='grc' dir='ltr'><em>διαιτητῶν.</em></span> <span class='ocrx_word' id='word_1_447' title='bbox 1420 4178 1514 4228; x_wconf 90' lang='lat' dir='ltr'>Contra</span> <span class='ocrx_word' id='word_1_448' title='bbox 1539 4179 1653 4242; x_wconf 88' lang='lat' dir='ltr'>equidem</span> 
     </span>
     <span class='ocr_line' id='line_1_41' title="bbox 405 4261 1652 4332; baseline -0.002 -14"><span class='ocrx_word' id='word_1_449' title='bbox 405 4261 470 4319; x_wconf 51' lang='lat' dir='ltr'>&#39;non</span> <span class='ocrx_word' id='word_1_450' title='bbox 490 4269 564 4316; x_wconf 89' lang='lat' dir='ltr'>video</span> <span class='ocrx_word' id='word_1_451' title='bbox 583 4267 642 4332; x_wconf 90' lang='lat' dir='ltr'>quid</span> <span class='ocrx_word' id='word_1_452' title='bbox 661 4267 742 4315; x_wconf 92' lang='lat' dir='ltr'>obstet</span> <span class='ocrx_word' id='word_1_453' title='bbox 760 4267 909 4316; x_wconf 88' lang='lat' dir='ltr'>scholiastae</span> <span class='ocrx_word' id='word_1_454' title='bbox 928 4267 1131 4332; x_wconf 85' lang='lat' dir='ltr'>interpretationi,</span> <span class='ocrx_word' id='word_1_455' title='bbox 1150 4267 1261 4318; x_wconf 89' lang='lat' dir='ltr'>Stratoni</span> <span class='ocrx_word' id='word_1_456' title='bbox 1280 4265 1311 4320; x_wconf 84' lang='grc' dir='ltr'>έν</span> <span class='ocrx_word' id='word_1_457' title='bbox 1329 4263 1461 4326; x_wconf 73' lang='grc' dir='ltr'><em>εὐθύναις</em></span> <span class='ocrx_word' id='word_1_458' title='bbox 1485 4267 1589 4317; x_wconf 80' lang='lat' dir='ltr'>iusidias</span> <span class='ocrx_word' id='word_1_459' title='bbox 1607 4283 1652 4331; x_wconf 87' lang='lat' dir='ltr'>pa·</span> 
     </span>
     <span class='ocr_line' id='line_1_42' title="bbox 420 4354 1652 4422; baseline -0.003 -15"><span class='ocrx_word' id='word_1_460' title='bbox 420 4359 483 4408; x_wconf 90' lang='lat' dir='ltr'>rari:</span> <span class='ocrx_word' id='word_1_461' title='bbox 516 4373 590 4422; x_wconf 89' lang='lat' dir='ltr'>quam</span> <span class='ocrx_word' id='word_1_462' title='bbox 615 4357 722 4422; x_wconf 90' lang='lat' dir='ltr'>probant</span> <span class='ocrx_word' id='word_1_463' title='bbox 747 4356 852 4404; x_wconf 91' lang='lat' dir='ltr'>Meierus</span> <span class='ocrx_word' id='word_1_464' title='bbox 878 4355 920 4420; x_wconf 90' lang='lat' dir='ltr'>(de</span> <span class='ocrx_word' id='word_1_465' title='bbox 945 4357 1004 4408; x_wconf 85' lang='lat' dir='ltr'>bon.</span> <span class='ocrx_word' id='word_1_466' title='bbox 1031 4357 1115 4408; x_wconf 88' lang='lat' dir='ltr'>damn.</span> <span class='ocrx_word' id='word_1_467' title='bbox 1146 4373 1172 4422; x_wconf 91' lang='lat' dir='ltr'>p.</span> <span class='ocrx_word' id='word_1_468' title='bbox 1193 4355 1252 4409; x_wconf 85' lang='grc'><strong>129.</strong></span> <span class='ocrx_word' id='word_1_469' title='bbox 1278 4354 1339 4409; x_wconf 89' lang='grc'><strong>236.</strong></span> <span class='ocrx_word' id='word_1_470' title='bbox 1383 4357 1434 4406; x_wconf 88' lang='lat' dir='ltr'>Die</span> <span class='ocrx_word' id='word_1_471' title='bbox 1454 4356 1652 4405; x_wconf 81' lang='lat' dir='ltr'>Privatsclrieds·</span> 
     </span>
     <span class='ocr_line' id='line_1_43' title="bbox 420 4443 1651 4512; baseline -0.002 -16"><span class='ocrx_word' id='word_1_472' title='bbox 420 4449 514 4496; x_wconf 69' lang='grc' dir='ltr'><em>αἰτίαν</em></span> <span class='ocrx_word' id='word_1_473' title='bbox 532 4453 577 4497; x_wconf 90' lang='lat' dir='ltr'>etc.</span> <span class='ocrx_word' id='word_1_474' title='bbox 597 4463 620 4510; x_wconf 91' lang='lat' dir='ltr'>p.</span> <span class='ocrx_word' id='word_1_475' title='bbox 646 4443 678 4496; x_wconf 82' lang='lat'>14</span> <span class='ocrx_word' id='word_1_476' title='bbox 696 4447 743 4510; x_wconf 85' lang='lat' dir='ltr'>sq)</span> <span class='ocrx_word' id='word_1_477' title='bbox 771 4453 795 4494; x_wconf 90' lang='lat' dir='ltr'>et</span> <span class='ocrx_word' id='word_1_478' title='bbox 813 4445 1013 4495; x_wconf 88' lang='lat' dir='ltr'>Westermannus</span> <span class='ocrx_word' id='word_1_479' title='bbox 1033 4447 1067 4508; x_wconf 84' lang='lat' dir='ltr'>(in</span> <span class='ocrx_word' id='word_1_480' title='bbox 1086 4447 1147 4496; x_wconf 86' lang='lat' dir='ltr'>actis</span> <span class='ocrx_word' id='word_1_481' title='bbox 1165 4463 1217 4498; x_wconf 91' lang='lat' dir='ltr'>soc.</span> <span class='ocrx_word' id='word_1_482' title='bbox 1236 4462 1287 4498; x_wconf 89' lang='lat' dir='ltr'>sax.</span> <span class='ocrx_word' id='word_1_483' title='bbox 1307 4447 1318 4495; x_wconf 94' lang='lat' dir='ltr'>l</span> <span class='ocrx_word' id='word_1_484' title='bbox 1337 4463 1363 4512; x_wconf 90' lang='lat' dir='ltr'>p.</span> <span class='ocrx_word' id='word_1_485' title='bbox 1383 4444 1455 4503; x_wconf 76' lang='lat'>45¹2).</span> <span class='ocrx_word' id='word_1_486' title='bbox 1492 4445 1559 4494; x_wconf 85' lang='lat' dir='ltr'>Nam</span> <span class='ocrx_word' id='word_1_487' title='bbox 1583 4445 1651 4494; x_wconf 82' lang='lat' dir='ltr'>diae·</span> 
     </span>
     <span class='ocr_line' id='line_1_44' title="bbox 421 4534 1652 4600; baseline -0.004 -14"><span class='ocrx_word' id='word_1_488' title='bbox 421 4537 475 4586; x_wconf 90' lang='lat' dir='ltr'>tetis</span> <span class='ocrx_word' id='word_1_489' title='bbox 488 4536 596 4585; x_wconf 89' lang='lat' dir='ltr'>rationes</span> <span class='ocrx_word' id='word_1_490' title='bbox 610 4534 749 4584; x_wconf 90' lang='lat' dir='ltr'>reddendas</span> <span class='ocrx_word' id='word_1_491' title='bbox 762 4551 811 4584; x_wconf 94' lang='lat' dir='ltr'>non</span> <span class='ocrx_word' id='word_1_492' title='bbox 824 4534 898 4582; x_wconf 83' lang='lat' dir='ltr'>fuisse</span> <span class='ocrx_word' id='word_1_493' title='bbox 907 4534 1152 4600; x_wconf 82' lang='lat' dir='ltr'>-alfirmatBergkius,</span> <span class='ocrx_word' id='word_1_494' title='bbox 1165 4551 1215 4585; x_wconf 93' lang='lat' dir='ltr'>non</span> <span class='ocrx_word' id='word_1_495' title='bbox 1227 4535 1374 4586; x_wconf 88' lang='lat' dir='ltr'>confirmat:</span> <span class='ocrx_word' id='word_1_496' title='bbox 1389 4549 1467 4598; x_wconf 91' lang='lat' dir='ltr'>neque</span> <span class='ocrx_word' id='word_1_497' title='bbox 1474 4550 1516 4584; x_wconf 88' lang='lat' dir='ltr'>cur</span> <span class='ocrx_word' id='word_1_498' title='bbox 1529 4535 1564 4583; x_wconf 94' lang='lat' dir='ltr'>illi</span> <span class='ocrx_word' id='word_1_499' title='bbox 1576 4534 1652 4598; x_wconf 89' lang='lat' dir='ltr'>potis·</span> 
     </span>
     <span class='ocr_line' id='line_1_45' title="bbox 420 4622 1652 4694; baseline -0.003 -20"><span class='ocrx_word' id='word_1_500' title='bbox 420 4627 508 4674; x_wconf 89' lang='lat' dir='ltr'>simum</span> <span class='ocrx_word' id='word_1_501' title='bbox 529 4625 622 4688; x_wconf 88' lang='lat' dir='ltr'>excepti</span> <span class='ocrx_word' id='word_1_502' title='bbox 641 4623 730 4672; x_wconf 81' lang='lat' dir='ltr'>tuerint</span> <span class='ocrx_word' id='word_1_503' title='bbox 749 4640 778 4672; x_wconf 86' lang='lat' dir='ltr'>ex</span> <span class='ocrx_word' id='word_1_504' title='bbox 791 4625 917 4672; x_wconf 90' lang='lat' dir='ltr'>communi</span> <span class='ocrx_word' id='word_1_505' title='bbox 931 4624 1086 4694; x_wconf 85' lang='lat' dir='ltr'>condicione,</span> <span class='ocrx_word' id='word_1_506' title='bbox 1100 4624 1139 4673; x_wconf 91' lang='lat' dir='ltr'>cui</span> <span class='ocrx_word' id='word_1_507' title='bbox 1152 4631 1248 4688; x_wconf 89' lang='lat' dir='ltr'>praeter</span> <span class='ocrx_word' id='word_1_508' title='bbox 1267 4629 1362 4674; x_wconf 89' lang='lat' dir='ltr'>ceteros</span> <span class='ocrx_word' id='word_1_509' title='bbox 1382 4629 1405 4673; x_wconf 90' lang='lat' dir='ltr'>et</span> <span class='ocrx_word' id='word_1_510' title='bbox 1423 4638 1545 4688; x_wconf 86' lang='lat' dir='ltr'>pagorum</span> <span class='ocrx_word' id='word_1_511' title='bbox 1559 4622 1652 4671; x_wconf 85' lang='lat' dir='ltr'>iudices</span> 
     </span>
     <span class='ocr_line' id='line_1_46' title="bbox 421 4707 1651 4780; baseline -0.002 -16"><span class='ocrx_word' id='word_1_512' title='bbox 421 4721 444 4764; x_wconf 92' lang='lat' dir='ltr'>et</span> <span class='ocrx_word' id='word_1_513' title='bbox 462 4721 586 4764; x_wconf 88' lang='lat' dir='ltr'>senatores</span> <span class='ocrx_word' id='word_1_514' title='bbox 605 4719 629 4762; x_wconf 91' lang='lat' dir='ltr'>et</span> <span class='ocrx_word' id='word_1_515' title='bbox 647 4713 694 4777; x_wconf 91' lang='lat' dir='ltr'>ipsi</span> <span class='ocrx_word' id='word_1_516' title='bbox 713 4713 883 4776; x_wconf 86' lang='lat' dir='ltr'>Areopagitae</span> <span class='ocrx_word' id='word_1_517' title='bbox 902 4713 1003 4760; x_wconf 89' lang='lat' dir='ltr'>obnoxii</span> <span class='ocrx_word' id='word_1_518' title='bbox 1023 4719 1092 4762; x_wconf 91' lang='lat' dir='ltr'>erant</span> <span class='ocrx_word' id='word_1_519' title='bbox 1111 4713 1172 4775; x_wconf 73' lang='lat' dir='ltr'>(vid.</span> <span class='ocrx_word' id='word_1_520' title='bbox 1192 4714 1323 4764; x_wconf 88' lang='lat' dir='ltr'>Demosth.</span> <span class='ocrx_word' id='word_1_521' title='bbox 1351 4710 1394 4780; x_wconf 82' lang='grc'>24,</span> <span class='ocrx_word' id='word_1_522' title='bbox 1420 4711 1479 4768; x_wconf 83' lang='grc'>112.</span> <span class='ocrx_word' id='word_1_523' title='bbox 1506 4709 1548 4778; x_wconf 86' lang='grc'>22,</span> <span class='ocrx_word' id='word_1_524' title='bbox 1568 4707 1602 4761; x_wconf 86' lang='grc'>38</span> <span class='ocrx_word' id='word_1_525' title='bbox 1615 4726 1651 4774; x_wconf 83' lang='lat' dir='ltr'>sq.</span> 
     </span>
    </p>
   </div>
   <div class='ocr_carea' id='block_1_4' title="bbox 0 0 1858 5876">
    <p class='ocr_par' dir='ltr' id='par_1_5' title="bbox 0 0 1858 5876">
     <span class='ocr_line' id='line_1_47' title="bbox 0 0 1858 5876; baseline 0 0"><span class='ocrx_word' id='word_1_526' title='bbox 0 0 1858 5876; x_wconf 95' lang='lat' dir='ltr'> </span> 
     </span>
    </p>
   </div>
  </div>
 </body>
</html>
