3706 5876
687 591 907 650 -11-

180 764 293 826 iudicia
325 766 365 826 de
398 766 583 845 magistratu
615 766 681 827 sive
716 786 771 827 reo
804 767 870 828 sive
902 767 1018 829 fraudis
1041 779 1190 849 suspecto
1223 769 1415 832 instituenda
1459 805 1467 816 ·

181 873 441 933 committuntur:
468 872 550 952 quae
573 891 672 953 opera
695 870 770 933 nihil
786 892 956 935 commune
979 873 1077 936 habet
1102 895 1174 936 cum
1198 896 1289 938 more
1313 877 1413 954 magi·

180 985 336 1039 stratuum
367 999 423 1059 per
455 981 634 1040 universum
665 977 819 1060 populum
851 980 1068 1044 creandorum.
1114 982 1228 1063 Longe
1261 983 1353 1045 aliam
1382 985 1412 1044 in

180 1092 304 1164 partem
328 1084 388 1146 hae
411 1085 481 1165 ipsa
505 1085 640 1146 duarum
657 1086 823 1147 notionum
841 1087 1060 1150 coniunctione
1083 1089 1128 1150 usi
1145 1088 1249 1151 dicam
1265 1109 1305 1151 an
1321 1089 1411 1151 abusi

180 1199 253 1252 sunt
286 1189 475 1271 Georgius
507 1189 626 1254 Grote
657 1200 689 1253 et
717 1192 770 1272 qui
792 1193 931 1272 vestigiis
959 1194 1067 1274 magni
1090 1195 1145 1256 viri
1168 1195 1344 1257 insistentes
1368 1196 1411 1257 rei

148 1333 149 1336 =
179 1296 326 1378 publicae
368 1296 611 1360 Atheniensium
651 1298 813 1361 historiam
857 1308 1004 1361 retexere
1046 1302 1200 1382 novisque
1243 1301 1411 1363 luminibus

181 1404 373 1484 distinguere
403 1407 599 1467 studuerunt.
612 1408 634 1482 ¹)
682 1403 745 1487 Qui
777 1426 819 1466 ex
850 1403 976 1468 Solonis
1006 1407 1148 1469 instituto
1169 1408 1210 1468 'in
1242 1407 1409 1470 comitiis

179 1511 278 1573 totius
300 1509 410 1593 populi
441 1513 608 1592 opinantur
637 1523 671 1575 ut
699 1512 874 1574 creationes
905 1513 1146 1594 magistratuum
1177 1514 1221 1575 ita
1254 1514 1410 1593 euthynas

182 1637 310 1698 quoque
334 1627 421 1680 aetas
444 1617 555 1681 luisse:
584 1619 691 1700 eisque
714 1619 857 1692 comitiis,
881 1639 963 1699 quae
995 1619 1168 1682 rationibus
1198 1629 1274 1700 post
1297 1641 1411 1684 munus

181 1724 434 1787 administratum
458 1726 630 1788 reddendis
654 1725 812 1806 rebusque
843 1724 1082 1807 expostulandis
1110 1727 1266 1790 destinata
1289 1726 1410 1803 luerint,

181 1832 270 1911 quasi
292 1831 425 1893 iudiciali
448 1834 588 1913 quadam
612 1833 799 1894 auctoritate
822 1832 972 1914 praeditis
996 1853 1114 1895 nomen
1138 1832 1279 1896 heliaeae
1309 1834 1408 1895 vindi-

181 1947 269 2013 cant,
302 1940 389 2019 quod
424 1948 539 2020 postea
570 1940 701 2001 demum
734 1938 773 1999 ad
805 1939 1007 2001 heliastarum
1036 1940 1174 2001 iudicum
1206 1939 1339 2020 collegia
1368 1940 1410 2002 ab

180 2043 328 2125 Ephialte
353 2053 385 2106 et
415 2045 534 2107 Pericle
565 2047 705 2109 instituta
735 2031 922 2108 translatum
954 2055 1128 2108 autumant.
1161 2047 1272 2109 -Redit
1303 2056 1410 2109 autem

180 2151 239 2212 ista
262 2152 369 2232 opinio
393 2154 434 2214 ad
458 2151 645 2235 ampliorem
667 2153 886 2234 quaestionem
909 2154 949 2214 de
966 2153 1088 2233 origine
1103 2153 1290 2216 iudiciorum
1305 2174 1406 2235 popu-

179 2256 307 2320 larium:
341 2279 437 2340 quam
469 2280 545 2321 num
576 2260 641 2321 iure
673 2258 797 2321 Periclis
821 2279 917 2341 quam
949 2257 1076 2321 Solonis
1104 2261 1199 2322 aetati
1230 2260 1409 2322 adscribere

180 2365 307 2440 malint,
339 2385 403 2427 non
434 2365 524 2427 huius
547 2365 609 2427 loci
632 2375 679 2428 est
702 2365 842 2448 pluribus
874 2366 1072 2447 disceptare;
1105 2366 1180 2428 satis
1211 2366 1339 2428 habebo
1371 2386 1409 2428 ea

180 2472 365 2553 exposuisse
395 2492 477 2552 quae
508 2473 633 2554 proprie
657 2471 773 2534 faciunt
796 2474 839 2548 ad·
862 2492 928 2534 rem
952 2475 1149 2553 propositam
1172 2473 1422 2535 declarandam'

178 2578 215 2640 In
238 2599 303 2658 quo
326 2579 468 2659 protinus
492 2581 579 2640 omni
594 2578 818 2660 probabilitate
835 2579 1012 2640 destituitur
1032 2577 1153 2660 duplex
1169 2599 1287 2641 nomen
1303 2579 1408 2640 eidem

179 2685 317 2746 contioni
341 2685 524 2767 impositum
553 2705 668 2766 resque
692 2686 938 2761 diversissimae,
967 2684 1097 2747 ecclesia
1121 2694 1153 2747 et
1176 2683 1312 2761 heliaea‚
1343 2705 1408 2746 non
1482 2713 1484 2716 ·

178 2811 295 2873 genere
312 2801 343 2854 et
359 2791 474 2866 indole,
496 2811 606 2854 verum
632 2791 759 2854 fortuita
779 2791 982 2872 negotiorum
1007 2792 1175 2872 partitione
1192 2793 1373 2854 disiunctae.
1384 2792 1408 2866 ²)

179 2899 292 2979 Neque
328 2900 458 2960 omnino
490 2898 617 2961 comitia
649 2898 807 2961 ordinaria
837 2899 993 2960 iudicandi
1024 2919 1154 2961 munere
1186 2907 1218 2960 et
1248 2907 1409 2980 potestate

178 3005 329 3068 instructa
337 3004 474 3067 Athenis
486 3003 549 3067 ulla
559 3001 645 3066 suere
655 3041 698 3049 —
708 3004 921 3067 alienaautem
937 3005 1010 3066 hinc
1025 3014 1177 3067 testarum
1194 3005 1342 3084 suffragia
1360 3041 1409 3080 -,

138 3099 140 3104 ¹
178 3131 216 3173 ac
238 3132 279 3174 ne
302 3112 478 3193 posteriore
508 3112 638 3192 quidem
661 3121 809 3192 tempore
832 3112 889 3173 nisi
913 3132 985 3173 raro
1009 3120 1041 3173 et
1069 3131 1126 3192 per
1156 3111 1290 3173 abusum
1314 3130 1406 3172 occua

177 3219 264 3299 pavit
289 3217 420 3280 ecclesia
441 3219 577 3280 iudicum
603 3218 813 3280 sententiam:
839 3219 958 3280 nedum
981 3226 1015 3279 ut
1036 3214 1079 3278 τὰ
1096 3211 1306 3298 δικαστήρια,
1322 3237 1404 3298 quae

177 3324 368 3386 Aristoteles
385 3305 538 3387 Solonem
563 3325 637 3386 dicit
661 3345 703 3386 ex
728 3325 848 3387 cunctis
872 3324 992 3386 civibus
1016 3324 1223 3398 constituisse,
1250 3323 1343 3386 liceat
1365 3324 1407 3385 ad

176 3432 312 3493 eandem
343 3430 427 3492 illam
461 3430 722 3512 significationem
762 3430 950 3493 iudicialium
989 3433 1187 3520 quarundam
1223 3430 1407 3493 contionum

177 3539 310 3598 universi
333 3537 441 3619 populi
473 3539 664 3618 detorquere
676 3539 710 3619 ³).
756 3539 840 3600 Nam
873 3537 1160 3619 Harpocrationem
1188 3557 1217 3598 v.
1245 3531 1409 3619 Ἅρδηττός
1467 3527 1468 3532 ’

267 3733 292 3796 1)
312 3731 390 3782 Grote
408 3731 466 3780 hist.
488 3731 521 3795 of
537 3733 624 3781 Graece
641 3733 678 3781 lll
698 3732 750 3786 173
769 3749 794 3784 n.
814 3733 837 3779 V
855 3728 906 3784 47?
927 3747 962 3794 sq.
1000 3732 1072 3782 Aem.
1092 3732 1194 3780 hlueller
1212 3732 1237 3779 in
1255 3730 1408 3779 Fleckeiseni

175 3822 305 3870 annalibus
325 3828 333 3870 t
355 3818 388 3873 75
408 3819 509 3886 (1857),
524 3819 574 3873 746
588 3837 623 3886 sq.
655 3823 685 3872 E.
700 3822 796 3871 Curtius
812 3821 855 3872 Gr.
876 3818 1163 3875 Gescl‚1306.11199
1179 3819 1228 3885 (ed.
1237 3818 1271 3883 3).
1299 3819 1363 3868 Save
1376 3819 1408 3867 de

174 3911 309 3974 Areopago
329 3915 352 3960 et
371 3910 468 3959 iudiciis
486 3909 620 3960 heliasticis
641 3910 768 3976 (Upsaliae
781 3907 860 3975 1662)
880 3926 905 3974 p·
920 3908 954 3961 22
967 3924 1012 3972 sq,
1032 3906 1066 3961 38
1080 3925 1116 3972 sq.
1146 3908 1186 3959 W.
1202 3907 1306 3957 Oncken
1324 3908 1406 3956 Athen

174 3999 232 4047 und
243 3999 331 4048 Hellas
344 4001 355 4048 1
368 3997 420 4052 ’149
434 4015 478 4064 sq,
492 3997 550 4052 167.
575 3998 598 4048 ll
610 3999 688 4063 p,V11
700 4015 735 4063 sq.
755 3999 791 4049 Id.
805 3999 844 4046 die
857 3999 1009 4047 Slaatslehre
1022 3997 1209 4046 desAristoteler
1221 3997 1245 4046 11
1258 3994 1310 4048 195
1323 4012 1358 4059 sq.
1373 3996 1404 4050 al.

247 4087 271 4146 2)
290 4088 333 4136 Nil
356 4088 499 4153 proficimus
523 4088 598 4152 paulo
623 4093 715 4136 mutata
740 4087 883 4136 definitione
914 4103 962 4150 qua
986 4086 1084 4136 heliaea
1118 4085 1247 4149 antiquitus
1277 4085 1405 4134 comitium

173 4178 255 4240 luisse,
275 4178 378 4227 ecclesia
398 4177 529 4226 concilium
548 4181 616 4226 extra
635 4177 750 4228 ordinem
769 4177 800 4225 de
812 4175 917 4240 legibus,
944 4175 1061 4224 debello
1088 4190 1117 4224 ac
1136 4189 1199 4238 pace
1218 4173 1338 4222 similibus
1356 4174 1401 4220 ha·

172 4267 251 4316 bitum
275 4272 372 4332 putatur
391 4266 506 4332 (Mueller
532 4265 548 4319 l.
568 4283 599 4332 c.‚
625 4265 690 4315 Save
708 4264 724 4317 l.
744 4281 766 4316 c.
786 4282 809 4329 p.
828 4264 883 4326 40).
922 4264 1038 4313 Ceterum
1058 4263 1208 4326 Argivorum
1234 4278 1331 4326 quoque
1358 4261 1403 4310 he·
1449 4277 1452 4282 ·

172 4356 263 4404 liaeam
282 4371 332 4404 non
352 4357 487 4416 comitium,
510 4371 594 4404 verum
613 4355 730 4403 iudicium
744 4354 816 4403 fuisse
835 4360 913 4418 nuper
931 4353 1015 4401 docuit
1036 4353 1064 4402 C.
1086 4352 1250 4401 Wachsmuth
1269 4352 1308 4399 die
1328 4351 1405 4398 stadt

172 4445 256 4494 Athen
274 4446 309 4493 im
327 4447 377 4498 Alt.
396 4445 408 4493 1
428 4443 480 4497 496
501 4460 526 4498 n.
545 4445 570 4498 1.

244 4533 271 4600 3)
291 4536 328 4583 sio
346 4535 411 4583 enim
430 4535 506 4582 verba
525 4534 577 4597 pol.
597 4532 675 4594 212,
696 4532 712 4584 2
731 4549 756 4596 p.
777 4530 845 4584 12ῖ3
865 4533 882 4580 b
907 4524 977 4583 ἔοικε
1003 4525 1032 4582 δὲ
1053 4517 1147 4581 Σόλων
1168 4565 1280 4578 .....
1307 4521 1355 4578 τὸν
1374 4521 1403 4579 δὲ

172 4623 262 4692 δῆμον
280 4622 449 4687 καταστῆσαι
469 4618 500 4673 τὰ
520 4617 680 4693 δικαότὴρια
699 4615 814 4682 ποιήσας
832 4616 862 4672 ἐκ
882 4617 1002 4672 πάντων.
1023 4615 1064 4670 dui
1084 4617 1131 4669 καὶ
1150 4611 1313 4686 μέμφονταί
1331 4633 1403 4673 τινες

171 4708 256 4780 αὐτῷ·
274 4711 354 4764 λῦσαι
366 4707 420 4783 γὰρ
434 4707 556 4782 bertinda
569 4705 662 4783 arripior
675 4705 827 4772 ποιήσαντα
840 4705 869 4760 τὸ
883 4703 1056 4779 δικαστήριον
1075 4701 1195 4763 πάντων,
1214 4700 1350 4776 κληρωτᾶν
1368 4697 1402 4756 ὄν

172 4801 304 4850 Onckenus
323 4802 456 4850 conciliare
475 4816 531 4849 cum
550 4801 591 4848 illa
610 4801 730 4848 sententia
750 4805 860 4855 conatum
883 4814 937 4846 cuzn
957 4798 1011 4845 aliis
1030 4795 1174 4844 Aristoteles
1193 4795 1232 4842 vel
1251 4809 1344 4842 errasse
1363 4793 1402 4842 vel
