3706 5876
700 591 920 651 ,47-

198 765 336 829 musicae
358 765 507 829 historiae
530 765 698 843 referatur,
729 788 792 848 qua
816 768 956 848 respexit
978 769 1066 837 τίνες
1089 763 1262 850 τυράννων
1284 765 1303 851 ἢ
1327 773 1424 847 βασι-

198 871 281 933 λέων
310 872 452 956 έρασταί
481 875 538 932 καὶ
572 869 667 951 ηίλοι
699 869 898 954 γεγόνασινλ
930 873 996 938 Sed
1027 875 1098 938 licet
1126 877 1220 937 etiam
1249 876 1329 937 ultra
1351 898 1425 959 pro-

198 981 296 1061 gredi.
336 981 421 1042 Nam
443 981 469 1042 si
493 981 647 1043 mittimus
662 1001 745 1062 quae
762 982 1001 1062 interponuntur
1017 986 1113 1043 verba
1136 983 1177 1043 de
1198 984 1426 1064 epigrammate

198 1087 379 1167 sepulcrali,
411 1108 492 1168 quae
524 1086 576 1149 vel
599 1088 640 1149 ab
673 1089 717 1151 eis
745 1089 935 1162 editoribuS,
964 1089 1016 1169 qui
1047 1089 1184 1168 singulas
1207 1091 1290 1152 vitae
1320 1099 1426 1171 partes

199 1195 392 1275 distinguere
409 1195 585 1269 noluerunt,
610 1195 755 1257 aceteris
779 1195 917 1257 seiuncta
938 1204 1019 1266 sunt,
1046 1197 1139 1258 etiam
1163 1197 1245 1257 duae
1268 1196 1427 1277 amplioris

198 1302 337 1364 ambitus
360 1322 442 1382 quae
465 1302 663 1382 praecedunt
687 1301 857 1382 particulae
880 1321 944 1363 non
968 1303 1034 1364 sine
1058 1321 1175 1383 magna
1198 1303 1426 1385 probabilitatis

199 1411 303 1491 specie
326 1409 464 1470 musicae
491 1409 659 1483 historiae,
688 1429 784 1488 quam
809 1408 983 1470 adhibitam
1015 1429 1083 1470 esse
1107 1389 1246 1484 constat,
1278 1411 1425 1471 vindicari

198 1525 357 1598 poterunt.
395 1515 430 1576 ln
454 1535 517 1596 qua
541 1535 612 1577 cum
638 1516 858 1595 disquireretur
880 1509 965 1575 ὅθεν
989 1517 1103 1576 τεκαὶ
1129 1507 1220 1585 ὅπως
1244 1515 1276 1576 οί
1299 1511 1427 1576 τοότων

199 1622 258 1682 ἐπὶ
289 1625 372 1701 μέγα
400 1617 493 1690 κλέος
516 1622 598 1703 παρ’
634 1615 750 1691 αὐτοῖς
781 1617 1036 1704 ἀναδραμόντες
1059 1617 1249 1701 γεγόνασιν,
1281 1624 1322 1684 ad
1346 1624 1427 1684 hanc

199 1730 418 1810 quaestionem
426 1730 502 1808 quid
512 1729 752 1790 accomodatius
760 1749 830 1790 esse
838 1737 945 1809 potest
961 1749 1056 1809 quam
1073 1727 1179 1791 locus:
1198 1723 1236 1789 τό
1255 1727 1282 1788 δ’
1296 1723 1427 1789 ἁπλοῦν

202 1837 259 1915 της
285 1834 557 1914 δραματοποιίας
590 1831 620 1894 εί
643 1837 705 1913 μέν
734 1855 784 1904 τις
808 1828 894 1916 πρός
917 1829 995 1903 τοὺς
1025 1829 1094 1913 μετ’
1122 1829 1226 1895 αότόν
1256 1832 1428 1917 λογίζοιτο,

201 1938 333 2022 ῳαῐιλον
365 1937 409 2002 άν
441 1937 648 2021 ἐκλαμβάνοι
680 1943 736 2000 καί
770 1937 1072 2024 άπραγμάτευτον,
1105 1942 1135 2003 εί
1168 1942 1203 2003 δέ
1241 1938 1326 2025 πρὸς
1349 1938 1427 2012 τοὺς

201 2044 367 2131 ἀνωτέρω,
392 2043 586 2127 θαυμάσειε
603 2050 660 2128 τῆς
684 2046 839 2116 ἐπινοίας
855 2043 917 2108 τόν
940 2044 1082 2129 ποιητὴν
1105 2051 1162 2108 καί
1178 2051 1235 2130 της
1260 2042 1426 2131 εόρέσεως.

201 2148 264 2236 ὅτῳ
292 2154 327 2215 δέ
351 2153 444 2216 δοκεῖ
466 2150 669 2236 τελειότερος
685 2153 872 2237 τραγῳδίας
897 2150 1036 2236 ποιητὴς
1055 2152 1226 2237 Σοφοκλῆς
1243 2159 1425 2235 γεγονέναι,

200 2257 317 2346 ὀρθῶς
339 2263 401 2340 μέν
426 2247 536 2334 δοκεῖ,
568 2257 750 2338 λογιζέσθω
777 2260 804 2320 δ’
829 2254 878 2321 ότι
902 2257 1017 2342 πολλῷ
1046 2257 1284 2344 χαλεπώτερον
1306 2251 1344 2343 ἦν
1369 2262 1426 2322 ἐπὶ

205 2367 344 2430 θέσπιδι
362 2371 510 2452 Φρυνίχῳ
528 2370 638 2427 τεκαὶ
656 2365 804 2449 Χοιρίλῳ
823 2366 856 2436 ἐς
878 2363 1019 2428 τοσόνδε
1035 2369 1198 2447 μεγέθους
1222 2364 1282 2450 τὴν
1304 2390 1428 2451 τραγῳ-

203 2476 519 2559 δίαν-προαγαγεῖν
548 2469 567 2556 ἢ
601 2473 659 2534 ἐπί
684 2469 836 2554 Αέσχόλῳ
870 2469 1015 2535 εἰπόντα
1047 2472 1095 2544 είς
1125 2470 1185 2557 τὴν
1220 2473 1429 2554 Σοφοκλέους

204 2580 321 2643 ἐλθεῖν
348 2577 551 2662 τελειότητα.
602 2581 676 2644 Hoc
713 2590 819 2643 autem
858 2601 898 2642 eo
936 2581 1081 2643 libentius
1113 2584 1260 2658 musicae,
1281 2582 1428 2645 historiae

202 2691 385 2763 tribuemus,
408 2690 497 2769 quod
514 2689 724 2770 interponitur
747 2688 827 2750 inter
850 2709 921 2749 eum
945 2688 1060 2762 locum,
1084 2690 1126 2750 ad
1149 2709 1244 2769 quem
1269 2691 1336 2770 ipsa
1359 2709 1427 2770 per-

200 2799 278 2860 tinet
310 2796 514 2877 subscripti0,
554 2804 585 2856 et
618 2795 749 2857 alteram
786 2795 1059 2875 explanationem,
1095 2796 1220 2875 qualem
1253 2795 1321 2857 libri
1351 2795 1429 2856 illius

202 2923 359 2964 summam
378 2901 517 2964 effecisse
533 2922 605 2963 cum
622 2903 720 2962 verba
734 2903 850 2963 docent
871 2904 958 2970 τίνες
974 2923 1009 2962 τε
1033 2904 1133 2961 τίνων
1157 2898 1430 2982 ἐπιτηδευμάτων

202 3004 285 3091 ἀρχὴ
296 3005 551 3089 διεγνώσθησαν
564 3018 631 3070 tum
644 3007 820 3088 fragmenta
837 3010 921 3089 apud
932 3007 1063 3070 Suidam
1081 3018 1214 3082 servata,
1234 3030 1316 3089 quae
1324 3011 1429 3071 omnia

201 3115 266 3178 fere
288 3118 319 3177 in
340 3117 384 3176 eis
404 3125 576 3190 versantur,
600 3135 682 3195 quae
704 3115 836 3195 quisque
860 3116 1024 3176 novaverit
1047 3124 1078 3176 et
1101 3116 1220 3196 primus
1243 3116 1426 3178 instituerit:

202 3224 335 3304 πρῶτος
362 3216 528 3299 Αίσχόλος
552 3217 687 3282 πάθεσι
711 3224 955 3304 γεννικωτέροις
986 3217 1046 3301 τίγν
1068 3220 1258 3303 τραγῳδίαν
1281 3215 1428 3302 ηὔξησεν.

200 3325 261 3410 τὴν
285 3327 321 3388 δέ
345 3323 469 3409 σκηνὴν
492 3324 659 3408 ἐκόσμησε
677 3329 732 3387 καί
757 3323 817 3409 τὴν
841 3323 927 3412 όιμιν
949 3329 1017 3388 τῶν
1040 3329 1222 3407 θεωμένων
1246 3326 1429 3409 κατέπληξε

201 3438 240 3522 τῇ
265 3431 496 3518 λαμπρότητι,
530 3441 677 3518 γραφαῖς
701 3436 757 3494 καὶ
780 3442 964 3515 μηχαναῖς,
995 3413 1123 3513 βωμοῖς
1154 3457 1190 3495 τε
1215 3437 1271 3494 καί
1294 3431 1429 3513 τάφοις,

205 3538 393 3618 σάλπιγξιν,
418 3538 581 3615 είδιόλοις,
602 3536 762 3625 Ἐρινόσι,
785 3537 863 3610 τοός
891 3562 926 3601 τε
951 3534 1135 3622 ὑποκριτάς
1156 3548 1280 3625 χειρῖσι
1305 3538 1430 3602 σκεπά-

205 3664 267 3718 σας
290 3651 346 3708 καί
371 3651 415 3730 τῷ
442 3643 585 3732 σόρματι
610 3645 813 3727 έξογκόσᾳς,
842 3646 973 3727 μείζοσί
997 3669 1032 3707 τε
1056 3654 1128 3717 τοῖς
1152 3644 1333 3730 κοθόρνοις
1355 3670 1430 3728 μετ-

205 3759 358 3838 εωρίσας.
384 3751 547 3837 ἐχρήσατο
574 3754 600 3814 δ’
617 3747 776 3843 ὑποκριτῇ
791 3751 911 3836 πρώτῳ
935 3757 998 3833 μέν
1015 3751 1206 3836 Κλεάνδρῳ,
1231 3754 1351 3815 ’ἐπειτα
1374 3757 1431 3815 καί

204 3857 264 3922 τόν
296 3858 452 3944 δεύτερον
480 3857 568 3941 αὐτῷ
601 3863 760 3946 προσῆψε
787 3864 976 3921 Μυννίσκον
999 3857 1059 3923 τόν
1089 3859 1274 3922 Χαλκιδέα.
1307 3857 1366 3922 τόν
1395 3860 1431 3921 δέ

204 3971 317 4053 τρίτον
340 3962 522 4051 όποκριτλγν
546 3963 647 4036 αὐτός
672 3966 818 4049 ἐξεῦρεν,
844 3961 884 4037 ὡς
909 3968 944 4027 δέ
970 3970 1172 4050 Δικαίαρχος
1197 3964 1215 4027 u‘
1242 3964 1431 4050 Μεσσήνιος

209 4071 388 4156 Σοφοκλης.
440 4075 538 4157 Quod
563 4095 639 4136 vero
664 4095 760 4154 quam
786 4095 879 4136 unam
911 4095 954 4136 ex
978 4077 1024 4137 his
1057 4077 1287 4136 inventionibus
1318 4075 1431 4138 Suidas

207 4203 235 4244 v.
267 4177 430 4259 Αίσχόλος
461 4181 612 4243 exhibet:
646 4182 780 4264 πρῶτος
810 4169 888 4265 εὗρε
918 4188 1121 4264 προσωπεῖα
1154 4178 1247 4242 δεινά
1279 4179 1430 4265 χρώμασι

206 4291 402 4371 κεχρισμένα
427 4286 514 4365 ’έχειν
537 4283 614 4356 τοὺς
645 4282 818 4369 τραγικοδς
842 4289 898 4348 καί
923 4295 998 4357 ταῖς
1030 4282 1196 4369 άρβόλαις
1217 4294 1290 4358 τοῖς
1314 4284 1431 4348 καλου-

205 4398 318 4475 μένοις
342 4391 503 4474 ἐμβάταις
525 4395 686 4478 χρίγσθαι,
710 4413 782 4456 eam
805 4393 871 4456 aliis
894 4395 998 4458 verbis
1021 4395 1147 4469 indicat,
1172 4403 1205 4456 ut
1230 4405 1262 4456 et
1281 4395 1431 4476 χρῆσθαι

207 4509 336 4583 usurpet
359 4520 418 4582 pro
442 4501 647 4581 exquisitiore
670 4501 807 4562 dictione
831 4505 1038 4584 μετεωρίσας
1062 4510 1093 4563 et
1124 4521 1182 4583 pro
1205 4499 1336 4580 μείζοσι
1360 4507 1432 4570 τοῖς

207 4601 390 4689 κοθόρνοις
413 4609 478 4669 δυο
495 4607 644 4669 adhibeat
660 4628 850 4688 synonyma,
873 4609 905 4669 id
930 4607 1047 4670 nullam
1068 4608 1200 4689 praebet
1217 4607 1432 4682 offensionem,

208 4715 357 4795 quoniam
383 4734 445 4775 non
468 4715 569 4796 ipsam
586 4715 748 4777 historiam
773 4716 924 4776 musicam
940 4712 1055 4776 Suidas
1075 4715 1247 4795 exscripsit,
1271 4715 1328 4775 sed
1351 4733 1433 4793 quae

207 4841 250 4882 ex
264 4840 302 4882 ea
317 4821 347 4882 in
361 4841 451 4882 usum
468 4820 688 4901 onomatologi
701 4824 747 4882 sui
761 4831 961 4882 converterat
969 4820 1149 4901 Hesychius
1158 4820 1304 4895 Milesius,
1319 4821 1432 4882 iterum
