3706 5876
753 524 791 616 s
864 591 866 596 -
935 551 1148 646 ,-s-

366 792 369 799 ,
431 750 514 812 quae
527 729 722 791 intercedere
734 728 837 806 solent
849 727 929 789 inter
941 726 1168 809 rempublicam
1182 735 1213 788 et
1226 728 1312 789 cives
1321 727 1481 808 singulos:
1509 727 1539 788 in
1551 725 1665 808 quibus

433 835 503 899 illos
527 835 699 917 oportebat
723 833 831 916 populi
854 835 920 895 iura
936 843 967 895 et
991 835 1164 895 commoda
1185 829 1414 915 asinguloruni
1430 833 1556 916 licentia
1575 833 1691 896 tueri.''

523 943 656 1004 Diversa
688 950 794 1002 autem
824 940 919 1002 fuisse
939 939 1147 1020 officia-quae
1170 941 1284 1002 eadem
1317 939 1527 1023 appellatione
1543 929 1664 1022 ’(σννήὶ
1803 1013 1807 1020 ι

433 1069 540 1133 γορος,
571 1043 736 1123 σύνδικος)
771 1046 1089 1129 comprehenduntur,
1121 1055 1286 1108 auctorum
1315 1047 1501 1110 testimoniis
1525 1046 1665 1135 eflicitur.
1697 1063 1701 1070 '

433 1153 526 1238 Quae
549 1156 611 1216 iam
635 1155 716 1216 inter
738 1163 862 1215 veteres
886 1154 1072 1234 interpretes
1096 1152 1220 1215 suerunt
1243 1154 1295 1234 qui
1311 1138 1664 1216 confunderentham
1733 1139 1741 1148 ’

435 1283 517 1344 quae
541 1281 602 1323 una
626 1280 726 1341 usque
749 1261 790 1322 ad
813 1260 998 1342 principium
1023 1259 1112 1322 huius
1136 1259 1250 1344 saeculi
1274 1262 1454 1322 innotuerat
1477 1261 1591 1323 diserta
1619 1261 1664 1324 rei

434 1368 602 1451 explicatio
627 1368 712 1448 apud
736 1365 937 1429 scholiastam
962 1365 1184 1447 Aristophanis
1215 1368 1257 1428 ad
1280 1387 1367 1449 vesp.
1391 1387 1420 1428 v.
1445 1369 1524 1430 690:
1560 1362 1664 1446 ἐλύμ-

433 1478 540 1552 βανον
563 1470 624 1555 γὰρ
649 1469 682 1533 οἱ
707 1468 840 1555 ῥήτορες
866 1469 1026 1555 δραχμήν,
1052 1464 1107 1533 ὅτε
1129 1468 1333 1554 ’συνηγόρουν
1357 1465 1462 1555 ὑπὲρ
1493 1475 1565 1554 της
1589 1470 1663 1534 πό-

434 1579 542 1651 λεως
580 1573 598 1660 ή
632 1574 740 1663 ὑπὲρ
772 1574 908 1640 ἄλλον
947 1574 1085 1648 τινός·
1126 1577 1161 1638 ἐκ
1191 1574 1312 1640 τούτου
1344 1578 1379 1640 δὲ
1404 1583 1588 1659 φαίνεται,Ι
1614 1572 1665 1641 ότι

432 1680 652 1771 μισθοφόρος
676 1673 713 1766 ήν
736 1679 754 1766 ή
777 1681 904 1770 α’ρχή·
937 1682 1182 1773 κληρωτοὺς
1207 1684 1250 1765 δὲ
1273 1689 1536 1766 γενομένους
1561 1685 1664 1746 δέκα

434 1791 700 1877 συνηγόρους
734 1788 1027 1876 Ἀριστοτέλης
1068 1795 1201 1873 φησιν
1233 1797 1291 1854 -':
1335 1813 1374 1858 ea
1404 1814 1531 1875 prorsus
1564 1793 1664 1856 aliena

433 1903 557 1965 misceri
587 1902 706 1983 primus
738 1909 823 1962 recte
855 1901 963 1962 docuit
993 1897 1244 1962 Schoemannus.
1259 1901 1280 1982 ¹)
1334 1900 1404 1962 Nec
1434 1901 1548 1964 mirum
1576 1902 1663 1982 quod

334 2039 339 2049 ·
437 2009 491 2071 tali
515 2008 696 2071 testimonio
721 2007 753 2068 in
777 2027 916 2068 errorem
941 2026 975 2068 se
991 2006 1090 2088 abripi
1106 1993 1198 2092 passi
1220 2016 1292 2069 sunt
1316 2007 1435 2071 Petitus
1459 2018 1491 2070 et
1521 2009 1574 2090 qui
1589 2017 1664 2091 post

437 2136 510 2178 eum
534 2114 574 2176 de
598 2111 880 2196 peculiari.ordine
897 2112 1052 2175 denorum
1076 2123 1239 2175 oratorum
1262 2115 1430 2195 quotannis
1453 2118 1663 2178 creandorum

399 2229 404 2238 '
434 2229 618 2297 statuerunt.
630 2222 654 2298 2)
687 2218 787 2300 Atqui
818 2240 858 2281 ne
889 2219 984 2282 hodie
1007 2221 1136 2301 quidem
1160 2221 1285 2283 diversa
1308 2241 1425 2302 genera
1449 2242 1488 2284 eo
1511 2243 1575 2304 quo
1606 2243 1663 2305 par

435 2338 484 2390 est
512 2329 611 2389 modo
645 2328 777 2388 discerni
800 2327 946 2389 videntur
976 2347 1048 2401 nec,
1072 2328 1147 2407 quid
1179 2328 1291 2408 cuique
1314 2330 1477 2410 proprium
1506 2331 1559 2404 sit,
1590 2330 1665 2391 satis

435 2431 600 2497 definitum
625 2454 703 2496 esse.
752 2431 860 2516 Quare
883 2454 948 2495 non
971 2453 1084 2495 vereor
1107 2454 1147 2495 ne
1170 2435 1277 2496 actum
1300 2454 1396 2515 agere
1419 2435 1505 2497 dicar
1528 2436 1559 2496 in
1583 2435 1665 2496 hanc

437 2561 505 2603 rem
531 2541 640 2602 dedita
664 2561 762 2622 opera
785 2541 991 2621 inquisiturus.

525 2753 591 2816 Iam
622 2756 709 2835 quod
739 2733 914 2816 Aristotele
945 2763 1074 2816 auctore
1105 2754 1274 2818 scholiasta
1300 2775 1395 2837 supra
1419 2756 1538 2840 *citatus
1569 2755 1663 2818 refert

437 2861 656 2942 magistratum
681 2859 774 2922 luisse
798 2859 934 2923 Athenis
959 2861 1174 2924 decemvirum
1202 2863 1255 2944 qui
1280 2858 1451 2943 συνήγοροι
1475 2873 1664 2926 vocarentur

436 2976 522 3031 sorte
545 2968 712 3048 quotannis
737 2966 888 3028 electum:
916 2968 957 3029 de
982 2987 1020 3028 eo
1044 2969 1239 3030 accuratiora
1260 2969 1470 3052 comperimus
1486 2967 1662 3032 lexicorum

436 3074 665 3155 rhetoricorum
697 3073 859 3142 beneficio,
913 3075 996 3135 Nam
1028 3073 1154 3136 lexicon
1186 3071 1414 3154 Seguerianum
1450 3074 1532 3136 haec
1566 3074 1664 3138 habet

437 3187 479 3263 (p.
490 3183 550 3243 301
565 3179 694 3255 Bekkl:
714 3177 893 3261 Συνήγοροι
910 3175 1069 3263 ἄρχοντες
1086 3169 1173 3260 ήσαν
1181 3177 1353 3264 κληρωτοὶ,
1364 3181 1399 3242 οἳ
1411 3187 1483 3250 τοῖς
1491 3177 1663 3260 λογισταῖς

437 3282 605 3366 ἐβοήθουν
622 3283 709 3368 πρός
720 3283 778 3355 τὰς
793 3281 939 3356 εὐθύνας
951 3288 1018 3348 τῶν
1034 3282 1210 3370 ἀρξάντων
1225 3284 1301 3347 τινὰ
1310 3282 1422 3371 ἀρχήν.
1438 3288 1528 3351 Idem
1538 3289 1663 3352 uberius

436 3395 605 3475 exponitur
621 3395 651 3455 in
669 3391 790 3454 Claudii
807 3391 959 3456 Casilonis
976 3395 1079 3456 lexico
1097 3393 1347 3476 Cantabrigiensi
1369 3400 1408 3476 (p.
1427 3397 1489 3458 349
1507 3395 1659 3472 Nauck.):

349 3583 351 3587 Ι
436 3502 606 3578 Λογισταὶ.
644 3501 700 3559 καὶ
726 3496 916 3584 συνήγοροιε
939 3495 1156 3583 Ἀριστοτέλης
1180 3499 1215 3561 ἐν
1242 3502 1280 3590 τῇ
1300 3496 1481 3582 Ἀθηναίων
1505 3499 1663 3580 πολιτείᾳ

436 3600 521 3668 ούτω
554 3602 651 3684 λεγει.
700 3603 894 3686 Λογιστόις3)
921 3606 956 3668 δὲ
988 3606 1165 3690 αἱροῦνται
1199 3606 1295 3682 δέκα,
1321 3603 1399 3692 παρ’
1436 3599 1486 3678 οἷς
1518 3604 1662 3687 διαλογί-

401 3693 405 3700 “
438 3712 550 3786 ζονται
565 3714 680 3774 πᾶσαι
696 3709 732 3772 αἱ
745 3708 843 3796 ἀρχαὶ
857 3709 899 3773 τά
917 3735 952 3774 τε
962 3710 1125 3794 λήμματα
1138 3716 1192 3774 καὶ
1202 3711 1261 3784 τὰς
1269 3718 1484 3796 γεγενημένας
1494 3712 1664 3785 δαπάνας·

435 3821 492 3879 καὶ
525 3815 651 3888 ἄλλους
676 3818 755 3880 δέκα
785 3804 1030 3902 συνηγόρουςδή,
1064 3817 1184 3890 οἵτινες
1214 3823 1496 3903 συνανακρὶνουσι
1523 3820 1663 3892 τούτοις·

435 3928 492 3986 καὶ
510 3925 542 3987 οἱ
565 3907 627 3997 τοὶς
651 3921 799 3996 εὐθύνας
824 3923 969 3996 διδόντες
993 3924 1089 4006 παρὰ
1111 3924 1242 3997 τούτοις
1259 3923 1500 4011 ἀνακρίνονται
1517 3931 1664 4010 πρῶτον,

526 4138 603 4202 1).de
622 4139 729 4188 comitiis
748 4141 806 4191 Ath.
826 4157 851 4204 p.
872 4137 932 4195 108.
952 4168 985 4176 -
1003 4141 1091 4190 Denuo
1105 4142 1167 4190 haec
1187 4141 1292 4190 turbavit
1306 4141 1335 4192 C.
1349 4144 1376 4195 F.
1391 4142 1520 4191 Hermann
1533 4143 1564 4192 de
1577 4143 1628 4192 iure
1640 4147 1665 4192 et

437 4233 500 4280 auct.
520 4229 631 4292 magistr.
652 4225 743 4293 (1829)
764 4245 789 4292 p.
815 4227 843 4280 18
862 4245 898 4293 sq.
1595 4275 1598 4282 .

525 4315 551 4382 2)
571 4316 602 4367 ct'.
621 4322 717 4381 praeter
741 4319 828 4367 citatos
853 4334 867 4366 a
887 4318 1061 4368 Schoemanno
1081 4319 1217 4368 Schneider
1236 4319 1269 4367 ad
1290 4319 1428 4368 Aristotelis
1447 4321 1497 4384 pol.
1516 4321 1541 4370 11
1559 4337 1584 4385 p.
1603 4318 1664 4372 504.

435 4405 514 4455 Meier
545 4406 576 4455 de
600 4406 673 4455 bonis
697 4407 870 4456 damnatorum
902 4425 926 4471 p.
953 4405 1011 4458 112.
1060 4408 1127 4456 Nam
1152 4408 1290 4457 Boeckhius
1321 4409 1345 4456 in
1372 4409 1448 4458 altera
1473 4409 1581 4460 editione
1605 4410 1662 4458 libri

436 4493 613 4544 staatslzaush.
633 4496 657 4546 d.
672 4493 818 4547 Ath.1336
838 4497 983 4545 sententiam
1002 4498 1110 4548 mutavit.

525 4581 551 4645 3)
571 4583 694 4652 λογισταὶ
714 4585 771 4634 cod.
793 4601 840 4636 em.
860 4585 999 4635 Dobraeus.

525 4670 552 4738 4)
571 4664 660 4730 ἄλλοις
680 4668 745 4724 δέκα
770 4667 929 4746 συνηγόροις
948 4675 1006 4722 cod.
1028 4691 1076 4752 ern.
1098 4675 1224 4725 Nauckius
1243 4668 1329 4744 (ἄλλοι
1348 4669 1414 4727 δέκα
1434 4671 1578 4748 συνήγοροι
1597 4677 1661 4740 alii).

437 4760 529 4810 Contra
548 4762 624 4810 verba
642 4762 733 4810 tradita
752 4763 916 4826 interpolavit,
936 4779 984 4812 non
999 4764 1138 4812 emendavit
1151 4765 1256 4814 Meierus
1271 4763 1370 4831 (fragm.
1383 4765 1429 4814 lex.
1443 4766 1504 4817 rhet.
1518 4783 1543 4830 p.
1557 4767 1662 4830 XXIII),
