3706 5876
495 1535 814 1614 RUDOLFUS
858 1536 1132 1613 SOHOELL

545 1695 782 1773 ADOLFO
818 1697 1006 1772 PATRI
1044 1697 1079 1772 S.

290 1931 389 2026 Nolui
413 1963 574 2046 equidem,
597 1972 688 2044 pater
712 1965 845 2045 optime,
869 1962 940 2026 sesti
963 1963 1053 2026 huius
1076 1964 1136 2026 diei
1168 1945 1265 2046 atque
1297 1955 1428 2027 meliore

201 2069 312 2152 lapillo
335 2069 427 2132 nobis
450 2070 637 2131 numerandi
660 2071 848 2132 memoriam
872 2090 944 2132 mea
968 2070 1071 2152 aliqua
1093 2079 1212 2133 tessera
1227 2072 1349 2153 privari,
1365 2092 1428 2152 qua

200 2177 285 2239 votis
300 2196 360 2258 pro
376 2175 447 2238 Tua
469 2175 571 2238 salute
593 2185 702 2238 sancte
726 2177 887 2259 conceptis
910 2178 1041 2239 accedat
1064 2176 1190 2259 publica
1212 2198 1339 2258 quoque
1361 2179 1425 2260 pie-

199 2285 273 2346 tatis
300 2291 332 2344 et
355 2283 564 2346 venerationis
592 2283 776 2345 testificatio,
823 2282 1055 2346 Constitueram
1087 2293 1209 2359 autem,
1241 2286 1282 2346 de
1314 2285 1427 2365 quibus

198 2389 386 2471 aliquotiens
409 2390 652 2452 sermocinando
673 2389 795 2451 Tecum
819 2409 968 2471 praesens
985 2389 1044 2470 egi,
1066 2409 1138 2451 cum
1154 2389 1314 2452 Herodoti
1329 2390 1425 2453 histo-

198 2497 262 2558 riae
286 2516 353 2578 quo
377 2503 524 2577 tempore
546 2516 653 2578 quove
676 2497 787 2558 ordine
810 2497 1007 2578 compositae
1035 2504 1141 2558 essent
1171 2496 1427 2577 disceptaremus,

199 2623 237 2665 ea
266 2610 436 2664 retractata
459 2610 492 2663 et
521 2602 552 2663 in
583 2601 743 2683 amplioris
772 2603 993 2684 disquisitionis
1021 2601 1157 2665 sormam
1185 2604 1314 2664 redacta
1337 2603 1427 2665 Tuae

198 2708 382 2791 probationi
402 2707 607 2772 submittere:
634 2728 731 2789 quam
746 2708 877 2789 quidem
893 2709 1112 2791 quaestionem
1128 2728 1231 2789 neque
1247 2708 1426 2771 absolutam

199 2836 268 2878 esse
292 2816 441 2878 existimo
464 2834 567 2892 neque
590 2813 756 2876 absolvere
778 2835 874 2896 posse
890 2815 948 2877 nisi
963 2816 1016 2896 qui
1037 2816 1119 2877 viam
1135 2835 1154 2876 a
1169 2814 1218 2877 Te
1233 2817 1336 2896 primo
1353 2825 1427 2878 ante

198 2921 259 2983 hos
284 2921 478 3002 undeviginti
501 2941 600 2983 annos
628 2919 820 3002 patefactam
850 2921 1034 3002 incorrupto
1064 2921 1176 2983 iudicio
1208 2930 1427 3002 persecuturus

198 3029 246 3089 sit.
293 3027 395 3108 Atqui
422 3027 501 3089 haec
531 3026 683 3109 perficere
713 3047 786 3089 cum
816 3046 873 3108 per
904 3028 1070 3118 temporis
1090 3028 1249 3108 angustias
1280 3028 1426 3108 variaque

197 3134 311 3215 quibus
335 3134 487 3196 distineor
508 3133 638 3213 negotia
660 3154 725 3195 non
748 3132 886 3195 licuerit:
920 3142 955 3195 ut
982 3132 1079 3196 fidem
1103 3132 1320 3208 exsolverem,
1343 3132 1445 3195 aliud.

198 3239 274 3301 mihi
296 3238 450 3301 brevioris
472 3240 665 3302 tractationis
696 3248 919 3320 argumentum
951 3239 1131 3320 eligendum
1163 3249 1231 3302 erat
1257 3241 1352 3320 idque
1383 3259 1426 3301 ex

197 3365 236 3408 ea
254 3344 416 3428 disciplina
429 3347 652 3428 promendum,
677 3347 706 3407 in
722 3366 785 3427 qua
801 3366 873 3408 cum
890 3346 1031 3408 maxime
1047 3347 1151 3409 studia
1165 3366 1238 3416 mea
1253 3354 1425 3409 versantur.

195 3451 231 3514 In
256 3472 321 3532 quo
345 3472 410 3513 non
433 3453 535 3514 minus
558 3453 629 3514 Tua
652 3452 842 3535 probatione
866 3452 941 3514 mihi
972 3473 1052 3534 opus
1076 3473 1145 3514 esse
1169 3453 1279 3514 sentio
1326 3450 1424 3515 Soleo

121 3569 127 3580 ’
198 3559 283 3621 enim
307 3560 349 3621 ad
372 3558 420 3621 Te
443 3559 581 3640 primum
604 3538 719 3621 referre
742 3559 767 3620 si
790 3579 872 3639 quae
903 3559 1033 3620 omnino
1057 3557 1088 3619 in
1111 3557 1197 3621 hisce
1219 3559 1328 3621 studiis
1350 3577 1424 3640 pro-

195 3664 291 3727 ficere
314 3663 390 3726 mihi
413 3665 588 3746 contigerit,
613 3685 748 3747 quorum
772 3664 821 3727 Te
844 3673 876 3726 et
899 3673 1063 3726 auctorem
1086 3663 1182 3726 habui
1205 3664 1425 3745 gravissimum
1487 3686 1490 3693 ¹

196 3779 229 3833 et
253 3771 504 3833 existimatorem
516 3771 776 3840 candidissimum
793 3770 912 3833 habere
931 3791 1105 3852 numquam
1122 3771 1271 3833 desinam.
1304 3769 1425 3851 Accipe

195 3876 289 3958 igitur
311 3875 457 3957 benigne,
481 3877 524 3938 mi
546 3885 648 3959 pater,
671 3876 734 3939 hoc
757 3877 913 3958 quantivis
936 3878 1026 3958 pretii
1050 3875 1277 3952 munusculum,
1309 3896 1425 3957 meque

196 4002 303 4044 amare
327 4003 435 4064 perge
