3706 5876
934 577 1150 640 „48..

429 757 592 818 decurtata
607 756 704 818 dedit.
744 753 797 816 Ex
814 756 881 837 ipsa
897 754 1032 835 denique
1047 754 1192 833 Dionysii
1208 754 1337 817 historia
1359 756 1454 818 etiam
1471 751 1654 834 catalogum

428 863 514 926 illum
537 863 711 925 fabularum
736 861 889 942 Aeschyli
912 861 1116 943 profluxisse,
1154 882 1196 923 ex
1229 863 1288 950 eis,
1318 883 1401 943 quae
1428 871 1553 944 praeter
1575 861 1656 922 alios

431 969 689 1032 Wachsmuthius
705 970 746 1031 de
761 966 822 1030 hac
837 988 954 1050 operae
969 967 1184 1048 Dionysianae
1200 978 1289 1050 parte
1305 969 1485 1054 disputavit,
1500 987 1655 1049 perquam

429 1078 493 1138 ven'
515 1076 614 1139 simile
637 1077 702 1140 erit.

518 1181 610 1264 Quae
633 1184 658 1244 si
682 1191 768 1245 recte
797 1202 891 1244 ame
919 1183 1078 1264 disputata
1100 1191 1190 1257 sunt,
1221 1201 1295 1245 cum
1318 1181 1393 1244 illud
1416 1181 1588 1257 lucramur,
1620 1189 1656 1242 ut

429 1309 471 1352 ex
502 1289 550 1352 his
581 1289 763 1371 fragmentis
800 1290 829 1350 in
861 1289 925 1350 vita
955 1287 1110 1368 Aeschyli
1141 1289 1263 1350 traditis
1292 1289 1462 1369 imaginem
1493 1287 1656 1368 aliquanto

428 1395 601 1477 pleniorem
615 1395 879 1476 integrioremque
893 1393 962 1457 libri
977 1394 1127 1457 utilissimi
1141 1395 1324 1457 resuscitare
1332 1396 1498 1476 possimus,
1511 1403 1579 1457 tum
1593 1393 1656 1456 hoc

429 1500 600 1577 effecimus,
624 1510 658 1564 ut
681 1503 723 1563 de
747 1522 809 1562 uno
826 1500 938 1563 saltem
955 1501 1099 1580 Dionysii
1123 1502 1217 1582 ipsius
1240 1500 1329 1564 fonte
1351 1510 1471 1564 certam
1495 1502 1657 1583 capiamus

430 1609 652 1671 coniecturam.
679 1608 765 1670 Nam
780 1608 805 1669 is
822 1609 906 1670 unde
922 1607 1059 1670 hauserit
1076 1628 1148 1671 cum
1164 1608 1353 1688 investigare
1369 1607 1503 1669 noluerit
1518 1607 1654 1670 Wachs-

430 1713 567 1776 muthius
591 1715 622 1775 in
646 1715 858 1796 disputatione
874 1712 978 1776 bo'nae
1002 1712 1098 1794 frugis
1113 1713 1301 1795 plenissima,
1324 1715 1386 1776 iam
1411 1715 1469 1776 tria
1492 1722 1658 1776 momenta

430 1821 509 1882 inter
526 1841 560 1882 se
576 1821 774 1896 conveniunt,
794 1819 907 1901 quibus
924 1820 963 1882 ad
977 1819 1251 1882 Dicaearchum
1269 1821 1495 1884 Messenium
1510 1821 1655 1902 perduci-

429 1948 507 1990 mur.
528 1927 581 1990 Ac
590 1928 726 2009 primum
737 1927 866 2008 quidem
875 1928 977 2009 ipsum
986 1947 1104 1989 nomen
1120 1928 1185 1990 eius
1201 1928 1357 1989 excitatur
1372 1928 1404 1989 in
1420 1927 1655 2007 vitaeAeschy-

419 2033 487 2096 'liae
515 2033 606 2109 loco;
642 2043 710 2098 turn
742 2035 783 2095 de
810 2034 966 2114 agonibus
999 2033 1178 2115 complures
1208 2035 1430 2096 adnotationes
1453 2033 1567 2096 Suidas
1590 2054 1655 2096 ser-

429 2141 514 2203 vavit
550 2160 569 2202 a
605 2138 849 2203 Wachsmuthio
890 2141 1103 2221 compositas;
1149 2141 1284 2222 denique
1319 2139 1457 2222 Sopater
1503 2141 1656 2204 musicam

432 2247 594 2309 historiam
618 2248 808 2309 continuisse
838 2246 913 2309 dicit
946 2240 984 2307 οὐ
1014 2242 1080 2328 μὴν
1104 2241 1192 2306 ἀλλὰ
1225 2249 1281 2306 καὶ
1304 2249 1392 2316 τίνες
1414 2269 1451 2308 aa
1475 2243 1508 2307 ol
1531 2242 1657 2327 ἀγῶνες

429 2355 485 2413 καὶ
510 2346 596 2414 ὅθεν
614 2352 649 2414 ἐν
674 2344 725 2423 οῖς
741 2350 880 2422 ἕκαστος
903 2348 945 2414 τὰ
970 2348 1027 2435 τὴς
1050 2356 1161 2434 τέχνης
1186 2351 1417 2414 ἐπεδείκνυτοε
1445 2373 1527 2435 quae
1549 2354 1657 2416 omnia

434 2462 620 2523 auctoritate
634 2460 800 2544 libriflapl
816 2462 986 2539 μουσικῶν
1003 2455 1139 2539 ἀγώνων
1155 2461 1241 2522 inniti
1263 2462 1332 2541 quis
1349 2469 1397 2525 est
1420 2447 1515 2542 quem
1532 2459 1656 2540 fugiat?

432 2567 527 2630 Hunc
558 2576 664 2631 autem
688 2566 801 2630 librum
826 2569 919 2630 etiarn
945 2568 986 2629 de
1018 2568 1190 2630 instaurata
1221 2569 1305 2649 apud
1329 2568 1503 2630 Hieronem
1530 2568 1656 2629 actione

431 2674 574 2736 notitiam
606 2673 788 2755 praebuisse
828 2695 870 2736 ex
906 2673 1058 2736 consimili
1091 2673 1275 2736 Dicaearchi
1306 2676 1346 2735 de
1377 2674 1475 2736 Ranis
1505 2673 1655 2736 observa·

428 2780 513 2842 tione
538 2779 671 2860 colligo:
707 2773 793 2841 οὕτω
819 2779 854 2840 δὲ
886 2776 1095 2860 ἐθαυμάσθη
1126 2775 1163 2840 τὸ
1200 2777 1317 2864 δρᾶμα
1343 2774 1398 2840 διὰ
1423 2775 1483 2861 τὴν
1507 2779 1543 2839 ἐν
1567 2774 1655 2860 αὐτῷ

430 2882 631 2970 παράβασιν
655 2881 741 2948 ὥστε
765 2890 821 2948 καὶ
847 2882 1067 2968 ἅνεδιδάχῧη,
1093 2881 1136 2957 ὥς
1161 2902 1242 2968 φησι
1268 2888 1477 2970 Δικαίαρχος.

520 2991 587 3056 Sed
610 2994 693 3057 vitae
717 2993 910 3074 Aeschyliae
941 2993 1029 3056 locus
1052 2995 1126 3069 iste,
1157 3015 1221 3075 quo
1245 2993 1428 3056 Dicaearchi
1457 2994 1577 3056 mentio
1601 2995 1654 3056 ini-

429 3099 521 3174 citur,
554 3100 649 3161 etiam
680 3121 737 3182 per
767 3121 801 3163 se
832 3101 906 3162 satis
936 3102 1050 3181 dignus
1082 3110 1146 3175 est,
1174 3101 1226 3180 qui
1260 3100 1437 3181 diligentius
1468 3100 1653 3181 inspiciatur.

428 3205 555 3268 Etenim
587 3207 617 3267 in
648 3208 832 3287 quaestione
863 3206 914 3270 illa
945 3208 1113 3270 decantata
1135 3216 1167 3269 et
1195 3206 1235 3268 ad
1260 3205 1418 3269 fastidium
1444 3227 1542 3287 usque
1566 3227 1654 3288 repe-

428 3313 485 3374 tita
516 3314 557 3376 de
588 3322 731 3375 actorum
765 3333 897 3376 numero
928 3333 985 3395 per
1007 3311 1207 3392 Aeschylum
1240 3322 1272 3376 et
1296 3312 1491 3395 Sophoclem
1524 3312 1655 3375 definito

428 3439 524 3480 nemo
548 3420 635 3499 quod
667 3420 764 3482 sciam
795 3420 917 3482 disertis
941 3420 1046 3482 verbis
1077 3420 1141 3482 eius
1172 3419 1216 3481 rei
1238 3419 1394 3482 rationem
1417 3419 1543 3502 habuit,
1574 3439 1656 3500 quae

428 3525 610 3606 neutiquam
643 3526 841 3607 neglegenda
871 3537 955 3602 erat,
994 3525 1188 3608 Sophoclem
1220 3526 1356 3607 primum
1395 3527 1523 3588 desiisse
1553 3527 1655 3606 ipsum

428 3631 542 3692 actoris
574 3641 679 3712 partes
710 3632 870 3694 sustinere.
925 3633 992 3694 lam
1023 3652 1101 3694 vero
1131 3630 1194 3694 hoc
1224 3634 1307 3694 vitae
1331 3632 1523 3712 Aeschyliae
1552 3633 1583 3692 id
1608 3642 1657 3693 est

429 3735 578 3798 historiae
601 3738 739 3800 musicae
762 3738 833 3800 loco
858 3748 967 3820 aperte
997 3739 1150 3801 indicatur
1177 3739 1328 3820 principio
1352 3738 1550 3817 Aeschylum
1583 3759 1657 3800 cum

429 3863 491 3903 uno
516 3852 623 3904 actore
645 3844 807 3923 prodiisse,
832 3845 948 3906 deinde
968 3843 1101 3906 alterum
1125 3846 1303 3920 adscivisse,
1328 3845 1473 3907 nimirum
1497 3845 1550 3908 illo
1574 3855 1656 3907 tem-

428 3968 523 4029 pore,
554 3969 618 4029 quo
642 3950 721 4012 inter
744 3958 809 4012 tres
832 3959 956 4013 actores
979 3961 1086 4032 partes
1110 3953 1295 4014 distribuere
1326 3952 1393 4014 sive
1416 3971 1458 4013 ex
1482 3971 1538 4014 sua
1561 3952 1657 4033 ipsius

429 4056 585 4118 sententia
616 4057 682 4118 sive
710 4055 878 4138 Sophoclis
909 4069 1035 4120 secutus
1063 4059 1247 4140 exemplum
1278 4058 1460 4120 instituerit:
1496 4054 1657 4140 ἐχρήσατο

429 4159 457 4221 d’
482 4155 644 4251 ὑποκριτῇ
669 4158 790 4247 πρώτῳ
816 4166 877 4242 μὲν
902 4160 1094 4248 Κλεάνδρῳ,
1127 4162 1283 4224 ’ἔπειτα
1316 4164 1387 4222 καὶ
1417 4158 1476 4224 τὸν
1500 4159 1658 4248 δεύτερον

429 4261 518 4348 αὐτῷ
537 4270 696 4355 προσῆψε
715 4273 914 4332 Μνννίσκον.
955 4269 1020 4332 Sed
1045 4270 1168 4351 longius
1190 4270 1315 4351 evagari
1339 4271 1519 4332 coniectura
1541 4272 1657 4334 audeo

429 4373 570 4456 Thespio
594 4375 696 4452 enim,
727 4396 822 4457 quem
846 4377 981 4458 primum
1007 4386 1147 4438 actorem
1170 4377 1384 4438 introduxisse
1408 4385 1549 4450 constat,
1583 4397 1656 4438 curn

430 4480 491 4542 iam
505 4481 671 4563 ‘dialogos
703 4481 884 4546 adhibuisse
915 4503 957 4544 ex
990 4483 1174 4546 testimoniis
1205 4482 1362 4545 nonnullis
1386 4482 1522 4558 eluceat,
1552 4483 1656 4564 ipsum

429 4607 502 4650 curn
519 4588 704 4670 coryphaeo
728 4590 887 4652 interdum
903 4591 1148 4652 sermocinatum
1165 4609 1234 4650 esse
1252 4597 1435 4651 statuerunt.
1467 4587 1553 4670 Quid
1569 4609 1657 4665 vero,

428 4694 453 4756 si
476 4695 563 4774 quod
597 4705 737 4758 actorem
762 4696 975 4758 introduxisse
1008 4696 1120 4757 dicitur
1143 4716 1206 4756 non
1231 4697 1271 4757 ad
1296 4715 1350 4757 eas
1373 4715 1452 4776 quas
1475 4697 1542 4776 ipse
1564 4697 1656 4758 susti-

429 4802 495 4862 nuit
525 4810 631 4882 partes
665 4801 842 4878 referimus,
873 4805 930 4864 sed
955 4804 997 4864 ita
1021 4803 1271 4883 interpretamur,
1304 4811 1338 4863 ut
1362 4822 1395 4862 re
1416 4821 1492 4864 vera
1514 4814 1656 4880 actorem
