3706 5876
672 572 890 631 ..13-

257 743 320 819 At,
359 765 399 806 ne
439 744 552 820 multa,
583 745 658 806 nihil
690 746 803 808 certius
840 754 887 807 est
922 766 1017 827 quam
1054 748 1092 807 in
1124 745 1404 810 heliastarum

166 849 398 913 iuratorum
429 852 585 914 iudicio
625 853 813 914 rationes
844 872 1059 914 munerum
1095 853 1219 916 reddi
1250 854 1403 918 solitas

167 978 259 1020 esse
280 978 414 1038 eoque
435 977 575 1020 omnes
596 957 799 1040 deinceps
820 961 1100 1040 magistratus
1121 969 1163 1022 et
1183 970 1403 1024 curatores

167 1073 322 1126 exacto
360 1063 495 1126 oflicii
533 1074 721 1146 tempore
760 1085 779 1126 a
816 1064 1012 1146 logistis,
1059 1067 1130 1148 qui
1169 1067 1205 1129 ei
1243 1068 1402 1130 iudicio

166 1171 478 1251 praesiderent,
512 1172 677 1246 deduci,
717 1181 751 1234 ut
782 1173 966 1248 accusandi,
1005 1173 1030 1234 si
1064 1174 1132 1254 quis
1164 1173 1275 1249 vellet,
1311 1176 1403 1256 copia

166 1279 302 1340 daretur.
348 1277 385 1340 Id
410 1298 481 1339 cum
505 1277 602 1358 vulgo
626 1277 752 1359 neglegi
775 1279 932 1341 immerito
960 1281 1088 1342 videam
1113 1300 1153 1342 ac
1177 1281 1218 1342 de
1242 1282 1286 1342 eis
1309 1282 1400 1342 dum-

166 1392 260 1446 taxat
290 1385 399 1458 statui‚
431 1384 482 1464 qui
514 1392 568 1446 aut
598 1383 719 1464 logistis
750 1387 887 1448 rationes
923 1405 1035 1466 parum
1074 1385 1238 1466 probarint
1276 1396 1330 1449 aut
1360 1387 1401 1449 ab

166 1500 350 1553 accusatore
381 1492 465 1572 apud
496 1491 627 1572 logistas
659 1491 809 1572 postulati
838 1493 917 1553 sint:
953 1492 1015 1553 iam
1050 1494 1231 1554 testimonia
1261 1513 1343 1574 quae
1371 1495 1401 1554 in

165 1606 317 1677 promptu
347 1607 419 1658 sunt
443 1599 548 1658 omnia
579 1618 749 1678 apponam.
795 1598 910 1660 Narrat
933 1599 1171 1661 Demosthenes
1203 1600 1233 1660 in
1258 1601 1401 1661 oratione

166 1704 208 1763 de
232 1701 314 1765 male
337 1714 428 1782 gesta
451 1703 608 1784 legatione
634 1704 777 1785 15211),
809 1725 880 1766 cum
912 1706 978 1786 ipse
1008 1705 1137 1767 alterius.
1163 1725 1291 1787 quoque
1314 1705 1399 1786 lega-

165 1809 259 1880 tionis
282 1810 371 1872 sicuti
393 1811 504 1891 prioris
527 1812 681 1872 rationem
705 1811 883 1873 redditurus
900 1820 993 1886 esset,
1015 1807 1208 1874 Aeschinem
1225 1833 1297 1874 curn
1313 1813 1400 1875 testi-

165 1915 226 1976 bus
249 1917 352 1978 adisse
372 1917 511 1997 logistaS,
535 1919 672 1979 vetuisse
688 1937 728 1978 ne
743 1917 997 1980 Demosthenem
1014 1919 1044 1979 in
1060 1918 1212 1980 iudicium
1228 1927 1397 1981 vocarent:

166 2018 531 2104 προσελόωνΑίσχίνης
548 2017 663 2086 οὑτοσί
679 2031 750 2093 τοῖς
768 2021 937 2102 λογισταῖς
954 2023 1037 2100 ἐ’χων
1055 2020 1232 2107 μάρτυρας
1248 2019 1399 2093 πολλούς

167 2123 354 2211 ἀπηγόρευε
378 2125 428 2210 μὴ
450 2127 588 2192 καλεῖν
613 2131 680 2210 ἐμὲ
705 2129 761 2201 είς
785 2127 826 2191 τὸ
858 2126 1125 2212 δικαστήριον
1159 2124 1201 2201 ὥς
1231 2127 1398 2192 δεδωκότα

165 2229 310 2305 εὐθύνας
334 2238 391 2296 καὶ
413 2231 473 2297 οὐκ
496 2232 579 2298 ὐντα
602 2230 833 2312 ότιευύυνονὶ).
882 2238 1039 2299 Disertius
1056 2239 1142 2300 idem
1160 2247 1268 2300 orator
1283 2239 1399 2319 pariter

166 2345 207 2405 de
230 2363 264 2404 se
287 2343 411 2406 locutus
442 2346 576 2425 quaein
607 2347 876 2407 munimentorum
908 2345 1071 2406 curatione
1103 2345 1328 2426 praestitisset:
1364 2341 1402 2423 νὴ

166 2444 215 2510 Δί’
236 2444 308 2508 ἀλλ’
330 2444 453 2520 ἀδίκως
473 2439 576 2533 ἦρξα;
593 2443 678 2511 ἐἶτα
703 2446 855 2533 τιαριύν,
881 2443 945 2511 ότε
969 2471 1015 2528 με
1041 2448 1209 2530 εἰσῆγον
1234 2449 1270 2511 ol
1294 2446 1400 2528 λογι-
1447 2493 1450 2499 ,

167 2560 274 2632 σταί,
300 2551 343 2618 οὐ
368 2553 616 2640 κατηγόρειςς
641 2558 694 2632 (de
714 2579 778 2619 cor.
795 2558 813 2638 S
833 2561 925 2632 llll:
952 2577 971 2620 a
995 2558 1113 2638 quibus
1129 2557 1236 2619 verbis
1252 2556 1398 2619 alienissi·
1462 2610 1465 2618 ,

166 2683 252 2725 mam
276 2685 345 2727 esse
361 2666 567 2727 accusationis
582 2685 640 2745 per
654 2664 784 2744 logistas
802 2666 843 2726 ad
859 2665 975 2726 iudices
992 2663 1121 2727 delatae
1138 2662 1399 2744 significationem

164 2790 231 2831 non
254 2791 432 2846 monerem,
456 2772 512 2833 nisi
535 2771 730 2833 Boeckhium
755 2791 882 2852 quoque
906 2772 1049 2832 viderem
1087 2771 1130 2831 ita
1160 2770 1398 2851 interpretatum

165 2897 236 2938 esse
247 2881 278 2948 2).
324 2878 420 2940 Haud
444 2898 534 2940 secus
557 2877 734 2940 Aeschines
765 2879 795 2940 in
827 2877 942 2939 celebri
973 2877 1190 2958 descriptione
1224 2875 1399 2938 officiorum
1489 2883 1491 2888 ’

164 3003 300 3063 quorum
325 2986 462 3046 rationes
485 2985 584 3066 repeti
607 2984 711 3046 solent
736 2987 777 3062 (3,
806 2985 844 3045 19
869 2988 948 3066 sq.):
977 2977 1016 3045 οὐ
1040 2987 1172 3058 τοίνυν,
1206 2985 1264 3058 ait,
1295 2978 1397 3062 μόνοι

103 3115 106 3119 ·
166 3087 198 3149 ol
222 3085 423 3173 τριόραργοι7
448 3086 539 3151 ἄλλοί
563 3092 619 3150 καί
643 3086 686 3151 τοὶ
712 3093 851 3170 μέγιστα
875 3093 941 3151 τῶν
966 3089 1001 3151 ὲν
1028 3092 1066 3178 τῇ
1093 3074 1194 3150 πόλει
1218 3087 1399 3172 συνεδρίων

164 3188 238 3256 ὐπὸ
260 3194 325 3277 τὴν
348 3199 423 3257 τῶν
448 3195 712 3280 δικαστηρίων
737 3195 894 3280 ἔρχεται
919 3199 1064 3283 ψῆφον.
1100 3198 1314 3278 πρῶτονμὲν
1329 3191 1394 3278 γδρ

162 3299 221 3383 τὴν
243 3301 364 3384 βουλὴν
386 3300 446 3384 τὴν
470 3303 505 3364 ἐν
523 3300 627 3388 Ἆρείιρ
651 3301 746 3386 πάγῳ
761 3300 935 3387 ἐγγράφειν
964 3301 1049 3387 πρὸς
1080 3301 1159 3374 τούς
1180 3299 1346 3380 «λογιστὰς
1379 3295 1396 3361 ό

163 3405 267 3490 νόμος
291 3407 415 3472 κελεύει
440 3408 538 3491 λόγον
561 3413 618 3472 καὶ
635 3405 780 3481 εὐθύνας
798 3407 937 3486 διδόναι,
955 3407 1086 3471 καὶτὸν
1103 3409 1172 3470 ἐκεῖ
1192 3406 1396 3492 σκυθρωπὸν

164 3517 222 3576 καὶ
259 3519 327 3578 τῶν
356 3522 519 3597 μεγίστων
549 3515 662 3602 κύριον
697 3514 770 3598 ἄγει
810 3510 881 3578 ὐπὸ
921 3515 986 3597 τίγν
1025 3510 1222 3599 ὑμετέραν
1262 3518 1398 3601 ψῆφον

163 3621 232 3684 κτλ.
287 3625 345 3688 His
377 3636 587 3707 congruenter
622 3636 732 3688 auctor
763 3625 854 3686 lexici
886 3623 1069 3705 Cantabrig.
1111 3645 1140 3706 p.
1174 3625 1236 3687 332
1275 3622 1397 3685 Nauck.

164 3726 302 3810 ἄλογίου
321 3731 426 3813 ’δίκην
450 3742 701 3818 commentatur:
737 3725 820 3793 όταν
849 3733 937 3800 τινὲς
967 3726 1129 3807 λαβόντες
1162 3726 1317 3813 χρήματα
1349 3727 1398 3798 είς

137 3893 141 3901 ,
164 3834 370 3919 ἀναλώματα
395 3836 539 3920 δημόσια
562 3837 607 3920 μὴ
622 3828 705 3900 ιόσιν
722 3836 797 3908 τούς
811 3835 927 3918 λόγους
949 3833 1190 3918 ὐνενηνοχότες
1217 3837 1246 3905 tl.
1271 3831 1396 3916 ἀπενη-

255 4089 282 4149 ll
297 4089 380 4140 Schol.
400 4091 462 4153 Aug.
485 4089 526 4139 ad.
545 4091 569 4139 h.
592 4089 608 4140 l.
633 4085 755 4155 λογισταί
780 4084 924 4139 ἐκαλοῦντο
951 4084 976 4137 οἱ
1001 4081 1159 4153 εἰσάγοντες
1184 4081 1219 4136 ἒν
1242 4083 1285 4152 τῷ
1304 4080 1397 4154 δόμῳ

163 4173 224 4236 τούς
243 4174 411 4237 ὑπευθύνους
429 4174 498 4250 πρός
515 4173 543 4230 τδ
565 4176 661 4229 δοῦναι
679 4171 800 4236 εὐθύνας
818 4177 883 4224 male
896 4191 925 4224 ex
945 4183 1045 4224 oratore
1064 4175 1118 4239 ipso
1131 4175 1245 4223 haustum
1264 4180 1308 4225 est.
1338 4173 1398 4222 Non

164 4267 298 4316 audiendus
323 4269 427 4317 Meierus
452 4271 501 4318 Art.
531 4267 600 4318 Proc.
627 4284 652 4331 p.
679 4264 731 4318 22³0
755 4282 779 4316 n.
805 4267 846 4329 qui
871 4259 1044 4335 δικαστήριον
1069 4264 1094 4311 in
1119 4263 1217 4326 collegii
1241 4269 1336 4327 partem
1356 4277 1397 4311 ac·

163 4358 246 4421 cipere
264 4356 371 4406 mavult:
392 4373 437 4406 nec
450 4356 543 4406 felicius
557 4357 663 4421 explicat
682 4356 711 4409 C,
730 4356 758 4407 F.
777 4355 932 4403 Hermannus
952 4352 995 4420 (de
1014 4353 1065 4401 iure
1085 4357 1108 4401 et
1128 4351 1273 4400 auctoritate
1286 4351 1396 4414 magistr.

163 4462 188 4510 p,
208 4443 242 4498 68
261 4461 285 4496 n.
305 4443 349 4511 94)
370 4447 444 4509 ‘quod
468 4446 613 4510 logistarum
638 4461 739 4494 examen
764 4443 848 4492 iudicii
867 4443 940 4492 veluti
964 4441 1096 4491 exordium
1122 4441 1260 4506 baberetur,
1286 4439 1396 4504 quaeqhe

163 4537 218 4600 ipsi,
243 4535 340 4583 nemine
365 4535 563 4596 contradicente,
589 4533 775 4598 compendiaria
793 4533 888 4581 ratione
908 4532 1081 4591 decrevissent,
1101 4534 1251 4594 nequeunte
1270 4533 1348 4578 essent
1367 4543 1396 4576 ac

162 4626 183 4672 si
202 4624 316 4688 populari
335 4625 454 4672 sententia
473 4623 619 4674 niterentur'.

253 4712 280 4779 2)
300 4713 363 4766 Mus.
389 4714 456 4763 rhen.
476 4714 488 4761 1
506 4729 530 4777 p.
551 4711 592 4763 74.
630 4711 768 4761 Platnerd.
792 4710 892 4758 Process
911 4727 935 4758 u.
958 4709 981 4758 d.
1003 4705 1224 4772 Klagen1345;
1246 4705 1296 4757 alii.
1329 4703 1396 4768 Quid

162 4806 212 4855 loci
230 4806 294 4856 ratio
313 4808 425 4866 posceret
443 4804 530 4852 rectius
548 4807 669 4851 assecutus
688 4809 724 4850 est
742 4801 864 4849 Hetlterus
883 4799 965 4847 athen.
988 4795 1172 4860 Gericlttsvers.
1193 4812 1217 4860 p.
1240 4791 1292 4846 355
1310 4811 1335 4845 n.
