3706 5876
678 601 898 664 ..29-

171 777 243 840 illae
266 776 380 858 quibus
414 799 455 840 ex
479 784 551 860 lege
582 779 801 859 magistratum
831 790 996 860 tamquam
1027 799 1115 841 reum
1144 778 1195 842 vel
1222 789 1404 863 suspectum

174 886 406 947 circumdatum
430 884 525 947 fuisse
547 895 621 947 ante
643 886 780 947 rationes
803 885 917 948 relatas
941 887 1076 947 vidimus
1100 887 1142 967 (p.
1162 887 1225 963 18).

261 991 329 1052 Iam
346 1011 423 1053 vero
447 993 477 1053 in
493 990 545 1053 illo
562 992 708 1054 examine
725 992 766 1052 de
782 991 1016 1072 magistratibus
1040 990 1188 1052 omnibus
1211 991 1403 1056 instituendo

169 1105 298 1178 praeter
320 1097 452 1178 logistas
475 1098 656 1178 synegori
679 1117 807 1178 quoque
830 1099 942 1160 decem
959 1097 1174 1171 versabantur,
1197 1110 1282 1160 sorte
1298 1107 1330 1162 et
1345 1100 1404 1181 ipsi

170 1202 279 1277 electi,
309 1205 361 1284 qui
384 1223 447 1266 una
470 1223 542 1266 cum
565 1202 687 1284 logistis
711 1213 942 1283 cognoscerent
965 1199 1101 1276 (οἵτινες
1122 1206 1403 1286 σονονακρὶνουσι

170 1305 326 1387 τούτοις).
364 1311 448 1372 Nam
472 1311 502 1371 in
526 1330 566 1371 eo
589 1309 764 1372 Aristotelis
786 1310 969 1372 testimonio
990 1309 1253 1389 acquiescendum
1271 1311 1327 1374 erit
1343 1331 1403 1374 nec

170 1418 345 1497 quidquam
370 1416 451 1478 ultra
473 1415 800 1496 circumspiciendum:
835 1435 907 1478 cum
931 1415 1116 1496 praesertim
1147 1416 1199 1496 qui
1229 1416 1321 1478 nobis
1345 1437 1401 1480 ex-

170 1521 319 1584 hibentur
341 1523 407 1584 sive
431 1521 616 1603 logistarum
639 1542 815 1584 assessores
839 1523 905 1585 sive
927 1522 1042 1604 publici
1058 1531 1266 1597 accusatores,
1289 1544 1402 1605 parum

170 1628 212 1689 ab
236 1629 304 1710 ipsa
326 1649 360 1689 re
383 1628 671 1690 commendationis
694 1626 840 1690 habeant.

262 1733 466 1815 Quamquam
495 1733 557 1796 huc
580 1735 796 1796 revocandum
828 1753 898 1796 esse
921 1734 1038 1795 dixerit
1065 1734 1219 1816 quispiam
1244 1733 1402 1798 Ciceronis

171 1839 291 1915 locum,
322 1840 503 1921 neglectum
535 1841 664 1920 quidem
695 1840 737 1902 ab
768 1840 812 1902 eis
842 1840 895 1920 qui
922 1840 965 1901 de
991 1838 1040 1902 his
1071 1840 1217 1902 institutis
1244 1841 1401 1904 rationum

170 1948 409 2010 reddendarum
440 1948 676 2027 quaesiverunt3
711 1947 764 2026 qui
795 1946 854 2007 sub
882 1945 980 2007 finem
1011 1946 1093 2008 tertii
1116 1945 1185 2008 libri
1216 1948 1257 2008 de
1280 1947 1402 2026 legibus

171 2053 202 2134 (S
225 2055 281 2122 47)
312 2052 392 2115 haec
414 2053 552 2135 scripsit:
584 2051 687 2132 Apud
712 2051 838 2113 eosdem
862 2054 916 2133 (sc.
941 2051 1100 2131 censores)
1124 2052 1182 2132 qui
1203 2053 1402 2133 magistratu

168 2159 318 2236 abierint,
343 2158 444 2220 edant
462 2168 494 2220 et
515 2169 686 2239 exponant,
719 2159 802 2240 quid
830 2160 863 2220 in
887 2159 1085 2238 magistratu
1102 2159 1276 2239 gesserint,
1302 2159 1402 2241 deque

167 2267 209 2328 tis
240 2285 383 2327 censores
406 2265 638 2345 praezndicent.
690 2263 762 2327 Hoc
789 2267 832 2327 in
859 2264 1020 2326 Graecia
1044 2265 1104 2342 fit
1124 2265 1280 2345 publice
1315 2287 1400 2328 con-

167 2373 318 2435 stitutis
348 2373 641 2456 aucupatoribus
648 2394 660 2452 ,·
690 2373 748 2453 qui
777 2372 906 2454 quidem
924 2392 1048 2451 graves
1078 2391 1228 2434 essenon
1252 2383 1399 2453 possunt,

167 2480 233 2542 nisi
244 2490 323 2542 suat
333 2479 519 2542 voluntarii.
549 2476 705 2554 Quocirca
725 2480 841 2541 melius
856 2488 906 2540 est
918 2479 1060 2540 ratz'ones
1075 2479 1192 2558 referri
1207 2500 1402 2561 causamque

166 2587 283 2667 exponi
300 2585 490 2662 censoribus,
515 2586 676 2666 integram
699 2595 807 2648 tannen
830 2586 904 2666 legi,
930 2585 1113 2647 accusatori
1132 2584 1311 2666 iudicioque
1333 2607 1399 2650 ser-

165 2695 248 2756 vari.
278 2693 379 2775 Atqui
395 2693 443 2756 his
459 2694 564 2756 verbis
579 2695 604 2756 si
620 2695 749 2775 quidem
766 2693 981 2755 Athenienses
999 2693 1211 2773 respiciuntur,
1225 2694 1308 2756 adeo
1325 2715 1401 2756 vera

166 2800 248 2862 falsis
272 2801 375 2863 mixta
390 2801 487 2876 vides,
512 2810 545 2863 ut
561 2821 601 2862 ne
617 2809 817 2862 accusatores
840 2801 969 2881 quidem
993 2799 1118 2881 publice
1138 2801 1300 2863 constituti
1323 2822 1399 2862 num

166 2903 342 2990 συνήγοροι
370 2907 413 2969 illi
443 2909 484 2970 ab
517 2917 643 2970 oratore
667 2907 842 2969 indicentur
865 2942 909 2951 —
932 2926 1028 2987 quem
1058 2907 1100 2967 ad
1125 2908 1259 2968 modum
1284 2907 1400 2970 Bakius

164 3015 279 3096 accipit
292 3019 312 3089 ¹)
331 3050 373 3060 —
388 3034 427 3075 an
445 3015 575 3076 omnino
592 3014 795 3094 magistratus
811 3013 941 3094 quidam
966 3009 1002 3072 ἐν
1018 3005 1183 3081 εὐθύναις
1206 3022 1399 3089 accusantes,

164 3141 224 3201 pro
248 3120 418 3202 explorato
449 3120 568 3182 habere
599 3119 700 3182 liceat.
747 3118 841 3181 Certe
864 3119 1080 3180 Athenienses
1108 3139 1212 3200 neque
1240 3119 1303 3180 suis
1327 3139 1398 3180 cen-

165 3228 289 3289 soribus
312 3226 471 3300 carebant,
496 3225 616 3308 logistis
633 3227 714 3301 dic0,
738 3235 771 3288 et
795 3224 1024 3287 voluntariis
1044 3225 1279 3287 accusatoribus
1302 3245 1398 3305 quam

165 3333 217 3414 qui
241 3334 382 3394 maxime
405 3333 620 3406 abundabant,
644 3352 725 3413 quos
749 3333 832 3393 adeo
856 3351 990 3393 evocare
1013 3332 1044 3392 in
1060 3332 1175 3393 iudicio
1200 3349 1271 3393 mos
1295 3339 1395 3394 esset:

165 3439 248 3500 unde
271 3438 355 3500 nihili
379 3448 427 3500 est
451 3439 619 3500 discrimen
641 3438 684 3499 ab
707 3447 835 3499 oratore
857 3446 1023 3499 statutum.

253 3545 374 3626 Utique
396 3545 490 3626 igitur
513 3553 610 3606 restat
633 3545 792 3626 quaestio,
823 3545 855 3604 in
882 3544 1040 3605 rationum
1072 3544 1219 3605 examine
1247 3564 1343 3625 quem
1366 3544 1398 3605 in

165 3650 298 3713 modum
329 3652 479 3733 synegori
514 3672 586 3713 cum
621 3650 742 3732 logistis
777 3650 971 3731 provinciam
1008 3651 1113 3731 partiti
1150 3650 1227 3725 sint,
1265 3651 1398 3731 quisque

165 3759 296 3820 omnino
327 3758 409 3820 ordo
440 3757 612 3841 inquirendi
644 3757 745 3828 suerit,
790 3755 883 3837 Quae
905 3757 1034 3837 quidem
1058 3755 1230 3838 periculum
1255 3765 1339 3818 esset
1363 3765 1398 3818 ut

165 3864 244 3927 solvi
267 3884 419 3945 umquam
443 3875 567 3946 posset,
599 3865 630 3926 ni
653 3865 812 3946 insperato
843 3862 988 3924 fortunae
1017 3862 1171 3925 beneficio
1203 3862 1398 3942 contigisset,

166 3981 201 4034 ut
231 3991 274 4032 ex
304 3970 396 4034 titulo
427 3971 538 4053 insigni
568 3991 687 4053 paucos
722 3969 837 4032 abhinc
868 3990 994 4032 menses
1025 3968 1186 4051 publicato
1218 3967 1321 4049 aliqua
1356 3966 1397 4029 illi

165 4097 294 4159 quoque
316 4076 372 4138 lux
396 4077 617 4141 affunderetur.
656 4077 831 4158 Repertum
857 4084 905 4137 est
921 4096 1023 4157 prope
1039 4074 1261 4156 Marcopulum
1277 4093 1397 4156 pagum

165 4183 296 4246 Atticae
326 4183 538 4266 fragmentum
570 4185 644 4246 satis
675 4182 817 4264 amplum
848 4183 967 4243 decreti
989 4182 1030 4243 de
1054 4182 1140 4244 demi
1169 4179 1330 4243 cuiusdam
1356 4215 1398 4225 -

165 4290 451 4371 Myrrhinusiorum
475 4311 544 4353 esse
561 4290 717 4352 coniciunt
733 4310 775 4351 ex
791 4288 851 4350 loci
875 4289 986 4350 vicinia
1002 4325 1044 4332 -
1060 4288 1240 4369 sumptibus
1256 4295 1288 4348 et
1303 4285 1396 4347 sacri-

166 4395 242 4459 ficiis
265 4397 528 4472 administrandis,
552 4397 640 4477 quod
663 4395 716 4476 qui
740 4394 838 4457 edidit
855 4393 900 4458 St.
919 4392 1167 4470 Cumanudes2),
1190 4393 1236 4454 vir
1252 4391 1347 4454 sobrii
1365 4398 1398 4454 et

257 4659 282 4728 1)
302 4662 458 4726 Quamquam
483 4661 504 4710 is
529 4660 695 4710 diversissima
719 4661 806 4710 miscet
830 4661 863 4708 ad
881 4660 1004 4710 Dinarchi
1026 4659 1109 4708 locum
1134 4658 1191 4710 adv.
1210 4657 1342 4706 Demosth.
1362 4653 1398 4708 58

166 4765 314 4816 provocans.
351 4750 391 4798 De
409 4750 521 4813 euthynis
540 4750 599 4813 ipsis
619 4749 767 4798 Goerenzius
786 4749 918 4813 cogitavit;
940 4748 1014 4813 idque
1031 4763 1082 4797 non
1100 4746 1173 4798 male.

255 4837 282 4906 2)
302 4838 326 4886 in
348 4838 507 4902 ephemeride
523 4832 669 4900 Ἀθήναιον
687 4839 724 4886 111
744 4835 795 4890 687
815 4853 852 4901 sq,
871 4838 915 4900 (m.
935 4836 1005 4901 april.
1027 4834 1115 4900 1875).
