<?xml version="1.0" encoding="UTF-8"?>
<!DOCTYPE html PUBLIC "-//W3C//DTD XHTML 1.0 Transitional//EN"
    "http://www.w3.org/TR/xhtml1/DTD/xhtml1-transitional.dtd">
<html xmlns="http://www.w3.org/1999/xhtml" xml:lang="en" lang="en">
 <head>
  <title>
</title>
<meta http-equiv="Content-Type" content="text/html;charset=utf-8" />
  <meta name='ocr-system' content='tesseract 3.04.00' />
  <meta name='ocr-capabilities' content='ocr_page ocr_carea ocr_par ocr_line ocrx_word'/>
</head>
<body>
  <div class='ocr_page' id='page_1' title='image "./rudolfischoelli00schogoog_0059.png"; bbox 0 0 3706 5876; ppageno 0'>
   <div class='ocr_carea' id='block_1_1' title="bbox 916 587 1133 646">
    <p class='ocr_par' dir='ltr' id='par_1_1' title="bbox 916 587 1133 646">
     <span class='ocr_line' id='line_1_1' title="bbox 916 587 1133 646; baseline -0.005 -17"><span class='ocrx_word' id='word_1_1' title='bbox 916 587 1133 646; x_wconf 72' lang='lat'>-54-</span> 
     </span>
    </p>
   </div>
   <div class='ocr_carea' id='block_1_2' title="bbox 413 761 1664 2239">
    <p class='ocr_par' dir='ltr' id='par_1_2' title="bbox 413 761 1664 2239">
     <span class='ocr_line' id='line_1_2' title="bbox 415 761 1637 848; baseline -0.002 -17"><span class='ocrx_word' id='word_1_2' title='bbox 415 767 558 848; x_wconf 83' lang='lat' dir='ltr'>exagitet</span> <span class='ocrx_word' id='word_1_3' title='bbox 575 773 606 826; x_wconf 92' lang='lat' dir='ltr'>et</span> <span class='ocrx_word' id='word_1_4' title='bbox 622 763 741 827; x_wconf 89' lang='lat' dir='ltr'>scholia</span> <span class='ocrx_word' id='word_1_5' title='bbox 756 784 882 845; x_wconf 88' lang='lat' dir='ltr'><strong>semper</strong></span> <span class='ocrx_word' id='word_1_6' title='bbox 904 765 1024 826; x_wconf 89' lang='lat' dir='ltr'>irrisum</span> <span class='ocrx_word' id='word_1_7' title='bbox 1049 782 1118 826; x_wconf 89' lang='lat' dir='ltr'>esse</span> <span class='ocrx_word' id='word_1_8' title='bbox 1141 763 1285 846; x_wconf 80' lang='lat' dir='ltr'>prodant,</span> <span class='ocrx_word' id='word_1_9' title='bbox 1307 761 1396 826; x_wconf 86' lang='lat' dir='ltr'>facile</span> <span class='ocrx_word' id='word_1_10' title='bbox 1419 765 1461 826; x_wconf 89' lang='lat' dir='ltr'>ita</span> <span class='ocrx_word' id='word_1_11' title='bbox 1483 764 1637 829; x_wconf 88' lang='lat' dir='ltr'>adhibere</span> 
     </span>
     <span class='ocr_line' id='line_1_3' title="bbox 414 869 1635 958; baseline -0.002 -20"><span class='ocrx_word' id='word_1_12' title='bbox 414 874 519 958; x_wconf 91' lang='lat' dir='ltr'>potuit</span> <span class='ocrx_word' id='word_1_13' title='bbox 541 875 681 936; x_wconf 83' lang='lat' dir='ltr'>comicus</span> <span class='ocrx_word' id='word_1_14' title='bbox 704 871 829 953; x_wconf 88' lang='lat' dir='ltr'>aliquis,</span> <span class='ocrx_word' id='word_1_15' title='bbox 859 879 894 933; x_wconf 92' lang='lat' dir='ltr'>ut</span> <span class='ocrx_word' id='word_1_16' title='bbox 923 872 1086 933; x_wconf 91' lang='lat' dir='ltr'>notissima</span> <span class='ocrx_word' id='word_1_17' title='bbox 1115 869 1220 933; x_wconf 84' lang='lat' dir='ltr'>fabula</span> <span class='ocrx_word' id='word_1_18' title='bbox 1243 891 1315 933; x_wconf 91' lang='lat' dir='ltr'>usus</span> <span class='ocrx_word' id='word_1_19' title='bbox 1347 872 1387 934; x_wconf 92' lang='lat' dir='ltr'>de</span> <span class='ocrx_word' id='word_1_20' title='bbox 1410 872 1513 952; x_wconf 85' lang='lat' dir='ltr'>aquila</span> <span class='ocrx_word' id='word_1_21' title='bbox 1534 881 1635 936; x_wconf 90' lang='lat' dir='ltr'>testu-</span> 
     </span>
     <span class='ocr_line' id='line_1_4' title="bbox 414 977 1638 1058; baseline -0.002 -13"><span class='ocrx_word' id='word_1_22' title='bbox 414 983 520 1045; x_wconf 88' lang='lat' dir='ltr'>dinem</span> <span class='ocrx_word' id='word_1_23' title='bbox 545 1003 562 1044; x_wconf 90' lang='lat' dir='ltr'>e</span> <span class='ocrx_word' id='word_1_24' title='bbox 587 980 712 1043; x_wconf 88' lang='lat' dir='ltr'>sublimi</span> <span class='ocrx_word' id='word_1_25' title='bbox 737 981 889 1041; x_wconf 87' lang='lat' dir='ltr'>deiciente</span> <span class='ocrx_word' id='word_1_26' title='bbox 912 977 1038 1041; x_wconf 78' lang='lat' dir='ltr'>fatalem</span> <span class='ocrx_word' id='word_1_27' title='bbox 1061 977 1225 1058; x_wconf 85' lang='lat' dir='ltr'>Aeschylo</span> <span class='ocrx_word' id='word_1_28' title='bbox 1248 977 1340 1040; x_wconf 81' lang='lat' dir='ltr'>fuisse</span> <span class='ocrx_word' id='word_1_29' title='bbox 1363 988 1395 1042; x_wconf 89' lang='lat' dir='ltr'>et</span> <span class='ocrx_word' id='word_1_30' title='bbox 1418 979 1583 1043; x_wconf 90' lang='lat' dir='ltr'>cerebrum</span> <span class='ocrx_word' id='word_1_31' title='bbox 1607 983 1638 1042; x_wconf 91' lang='lat' dir='ltr'>ei</span> 
     </span>
     <span class='ocr_line' id='line_1_5' title="bbox 413 1083 1636 1172; baseline -0.002 -20"><span class='ocrx_word' id='word_1_32' title='bbox 413 1090 582 1172; x_wconf 85' lang='lat' dir='ltr'>perculisse</span> <span class='ocrx_word' id='word_1_33' title='bbox 611 1087 752 1168; x_wconf 83' lang='lat' dir='ltr'>fingeret.</span> <span class='ocrx_word' id='word_1_34' title='bbox 799 1086 845 1150; x_wconf 91' lang='lat' dir='ltr'>Ut</span> <span class='ocrx_word' id='word_1_35' title='bbox 876 1095 982 1148; x_wconf 89' lang='lat' dir='ltr'>autem</span> <span class='ocrx_word' id='word_1_36' title='bbox 1014 1106 1048 1147; x_wconf 93' lang='lat' dir='ltr'>re</span> <span class='ocrx_word' id='word_1_37' title='bbox 1076 1105 1151 1147; x_wconf 90' lang='lat' dir='ltr'>vera</span> <span class='ocrx_word' id='word_1_38' title='bbox 1180 1083 1326 1166; x_wconf 88' lang='lat' dir='ltr'>Aeschyli</span> <span class='ocrx_word' id='word_1_39' title='bbox 1357 1085 1483 1168; x_wconf 90' lang='lat' dir='ltr'>aliquod</span> <span class='ocrx_word' id='word_1_40' title='bbox 1516 1088 1636 1150; x_wconf 89' lang='lat' dir='ltr'>dictum</span> 
     </span>
     <span class='ocr_line' id='line_1_6' title="bbox 415 1192 1637 1276; baseline -0.002 -18"><span class='ocrx_word' id='word_1_41' title='bbox 415 1196 474 1259; x_wconf 89' lang='lat' dir='ltr'>hac</span> <span class='ocrx_word' id='word_1_42' title='bbox 497 1194 725 1258; x_wconf 82' lang='lat' dir='ltr'>narratiuncula</span> <span class='ocrx_word' id='word_1_43' title='bbox 747 1194 914 1276; x_wconf 84' lang='lat' dir='ltr'>perstringi</span> <span class='ocrx_word' id='word_1_44' title='bbox 937 1194 1114 1267; x_wconf 83' lang='lat' dir='ltr'>credamus,</span> <span class='ocrx_word' id='word_1_45' title='bbox 1138 1192 1298 1255; x_wconf 89' lang='lat' dir='ltr'>oraculum</span> <span class='ocrx_word' id='word_1_46' title='bbox 1321 1192 1416 1255; x_wconf 89' lang='lat' dir='ltr'>fidem</span> <span class='ocrx_word' id='word_1_47' title='bbox 1441 1193 1522 1270; x_wconf 84' lang='lat' dir='ltr'>facit,</span> <span class='ocrx_word' id='word_1_48' title='bbox 1547 1195 1637 1276; x_wconf 92' lang='lat' dir='ltr'>quod</span> 
     </span>
     <span class='ocr_line' id='line_1_7' title="bbox 416 1293 1637 1383; baseline -0.001 -18"><span class='ocrx_word' id='word_1_49' title='bbox 416 1305 457 1366; x_wconf 92' lang='lat' dir='ltr'>de</span> <span class='ocrx_word' id='word_1_50' title='bbox 480 1311 584 1365; x_wconf 90' lang='lat' dir='ltr'>morte</span> <span class='ocrx_word' id='word_1_51' title='bbox 608 1310 877 1364; x_wconf 86' lang='lat' dir='ltr'>commemoratur</span> <span class='ocrx_word' id='word_1_52' title='bbox 900 1293 1106 1381; x_wconf 78' lang='grc' dir='ltr'><em>οὐράνιόν</em></span> <span class='ocrx_word' id='word_1_53' title='bbox 1130 1314 1167 1359; x_wconf 81' lang='grc' dir='ltr'>σε</span> <span class='ocrx_word' id='word_1_54' title='bbox 1189 1295 1312 1377; x_wconf 75' lang='grc' dir='ltr'><em>βέλος</em></span> <span class='ocrx_word' id='word_1_55' title='bbox 1334 1308 1547 1375; x_wconf 79' lang='grc' dir='ltr'><strong><em>κατακτενεῖ,</em></strong></span> <span class='ocrx_word' id='word_1_56' title='bbox 1569 1323 1637 1383; x_wconf 94' lang='lat' dir='ltr'>quo</span> 
     </span>
     <span class='ocr_line' id='line_1_8' title="bbox 415 1405 1664 1490; baseline -0.002 -18"><span class='ocrx_word' id='word_1_57' title='bbox 415 1419 507 1472; x_wconf 87' lang='lat' dir='ltr'>acute</span> <span class='ocrx_word' id='word_1_58' title='bbox 531 1408 743 1490; x_wconf 89' lang='lat' dir='ltr'>Goettlingius</span> <span class='ocrx_word' id='word_1_59' title='bbox 771 1406 924 1469; x_wconf 85' lang='lat' dir='ltr'>intellexit</span> <span class='ocrx_word' id='word_1_60' title='bbox 953 1405 1102 1488; x_wconf 89' lang='lat' dir='ltr'>ambigua</span> <span class='ocrx_word' id='word_1_61' title='bbox 1123 1405 1347 1488; x_wconf 83' lang='lat' dir='ltr'>significatione</span> <span class='ocrx_word' id='word_1_62' title='bbox 1377 1406 1532 1470; x_wconf 80' lang='lat' dir='ltr'>famosum</span> <span class='ocrx_word' id='word_1_63' title='bbox 1559 1407 1636 1470; x_wconf 96' lang='lat' dir='ltr'>illud</span> <span class='ocrx_word' id='word_1_64' title='bbox 1661 1472 1664 1479; x_wconf 50' lang='lat'>,</span> 
     </span>
     <span class='ocr_line' id='line_1_9' title="bbox 414 1509 1633 1596; baseline -0.002 -17"><span class='ocrx_word' id='word_1_65' title='bbox 414 1539 456 1579; x_wconf 90' lang='lat' dir='ltr'>ex</span> <span class='ocrx_word' id='word_1_66' title='bbox 479 1513 633 1596; x_wconf 91' lang='lat' dir='ltr'>Aeschyli</span> <span class='ocrx_word' id='word_1_67' title='bbox 658 1514 822 1595; x_wconf 90' lang='lat' dir='ltr'>Ostologis</span> <span class='ocrx_word' id='word_1_68' title='bbox 845 1514 910 1595; x_wconf 90' lang='lat' dir='ltr'>peti</span> <span class='ocrx_word' id='word_1_69' title='bbox 933 1514 1028 1576; x_wconf 89' lang='lat' dir='ltr'>etiam</span> <span class='ocrx_word' id='word_1_70' title='bbox 1051 1533 1070 1574; x_wconf 91' lang='lat' dir='ltr'>a</span> <span class='ocrx_word' id='word_1_71' title='bbox 1093 1511 1253 1594; x_wconf 88' lang='lat' dir='ltr'>Sophocle</span> <span class='ocrx_word' id='word_1_72' title='bbox 1276 1511 1469 1576; x_wconf 92' lang='lat' dir='ltr'>adhibitum:</span> <span class='ocrx_word' id='word_1_73' title='bbox 1497 1509 1533 1585; x_wconf 79' lang='grc' dir='ltr'>ὅς</span> <span class='ocrx_word' id='word_1_74' title='bbox 1557 1511 1633 1577; x_wconf 78' lang='grc' dir='ltr'>ποτ’</span> 
     </span>
     <span class='ocr_line' id='line_1_10' title="bbox 416 1614 1637 1709; baseline 0 -26"><span class='ocrx_word' id='word_1_75' title='bbox 416 1619 502 1704; x_wconf 74' lang='grc' dir='ltr'>ἄμφ’</span> <span class='ocrx_word' id='word_1_76' title='bbox 522 1622 597 1704; x_wconf 72' lang='grc' dir='ltr'>ἐμοὶ</span> <span class='ocrx_word' id='word_1_77' title='bbox 620 1619 746 1701; x_wconf 77' lang='grc' dir='ltr'><em>βέλος</em></span> <span class='ocrx_word' id='word_1_78' title='bbox 769 1617 994 1701; x_wconf 79' lang='grc' dir='ltr'><em>γελωτοποιὸν</em></span> <span class='ocrx_word' id='word_1_79' title='bbox 1008 1616 1065 1701; x_wconf 77' lang='grc' dir='ltr'>τὴν</span> <span class='ocrx_word' id='word_1_80' title='bbox 1088 1615 1263 1700; x_wconf 75' lang='grc' dir='ltr'><em>κάκοσμον</em></span> <span class='ocrx_word' id='word_1_81' title='bbox 1283 1614 1471 1705; x_wconf 77' lang='grc' dir='ltr'><em>οὐράνην</em></span> <span class='ocrx_word' id='word_1_82' title='bbox 1495 1620 1637 1709; x_wconf 69' lang='grc' dir='ltr'><em>ἔρριψεν</em></span> 
     </span>
     <span class='ocr_line' id='line_1_11' title="bbox 414 1724 1635 1813; baseline -0.002 -19"><span class='ocrx_word' id='word_1_83' title='bbox 414 1726 483 1794; x_wconf 76' lang='grc' dir='ltr'>οὐδ’</span> <span class='ocrx_word' id='word_1_84' title='bbox 508 1724 644 1813; x_wconf 72' lang='grc' dir='ltr'><strong><em>ἥμαρτε.</em></strong></span> <span class='ocrx_word' id='word_1_85' title='bbox 693 1729 784 1812; x_wconf 85' lang='lat' dir='ltr'>Quae</span> <span class='ocrx_word' id='word_1_86' title='bbox 808 1749 880 1791; x_wconf 92' lang='lat' dir='ltr'>cum</span> <span class='ocrx_word' id='word_1_87' title='bbox 902 1729 947 1790; x_wconf 89' lang='lat' dir='ltr'>ita</span> <span class='ocrx_word' id='word_1_88' title='bbox 969 1728 1165 1799; x_wconf 89' lang='lat' dir='ltr'>conveniant,</span> <span class='ocrx_word' id='word_1_89' title='bbox 1189 1749 1252 1788; x_wconf 94' lang='lat' dir='ltr'>non</span> <span class='ocrx_word' id='word_1_90' title='bbox 1274 1737 1352 1811; x_wconf 92' lang='lat' dir='ltr'>puto</span> <span class='ocrx_word' id='word_1_91' title='bbox 1376 1749 1447 1790; x_wconf 92' lang='lat' dir='ltr'>cum</span> <span class='ocrx_word' id='word_1_92' title='bbox 1463 1728 1635 1793; x_wconf 91' lang='lat' dir='ltr'>Welckero</span> 
     </span>
     <span class='ocr_line' id='line_1_12' title="bbox 413 1832 1636 1920; baseline 0 -20"><span class='ocrx_word' id='word_1_93' title='bbox 413 1838 540 1920; x_wconf 88' lang='lat' dir='ltr'>aliisque</span> <span class='ocrx_word' id='word_1_94' title='bbox 570 1838 760 1900; x_wconf 91' lang='lat' dir='ltr'>sumendum</span> <span class='ocrx_word' id='word_1_95' title='bbox 789 1857 873 1908; x_wconf 91' lang='lat' dir='ltr'>esse,</span> <span class='ocrx_word' id='word_1_96' title='bbox 906 1836 993 1916; x_wconf 94' lang='lat' dir='ltr'>quod</span> <span class='ocrx_word' id='word_1_97' title='bbox 1025 1854 1081 1916; x_wconf 91' lang='lat' dir='ltr'>per</span> <span class='ocrx_word' id='word_1_98' title='bbox 1112 1855 1146 1896; x_wconf 96' lang='lat' dir='ltr'>se</span> <span class='ocrx_word' id='word_1_99' title='bbox 1167 1832 1297 1913; x_wconf 89' lang='lat' dir='ltr'>liceret,</span> <span class='ocrx_word' id='word_1_100' title='bbox 1329 1834 1489 1898; x_wconf 90' lang='lat' dir='ltr'>oraculum</span> <span class='ocrx_word' id='word_1_101' title='bbox 1521 1847 1636 1919; x_wconf 88' lang='lat' dir='ltr'>postea</span> 
     </span>
     <span class='ocr_line' id='line_1_13' title="bbox 413 1940 1635 2023; baseline -0.002 -15"><span class='ocrx_word' id='word_1_102' title='bbox 413 1948 544 2008; x_wconf 91' lang='lat' dir='ltr'>demum</span> <span class='ocrx_word' id='word_1_103' title='bbox 568 1946 609 2007; x_wconf 90' lang='lat' dir='ltr'>ad</span> <span class='ocrx_word' id='word_1_104' title='bbox 633 1943 893 2006; x_wconf 88' lang='lat' dir='ltr'>narratiunculam</span> <span class='ocrx_word' id='word_1_105' title='bbox 911 1963 980 2004; x_wconf 90' lang='lat' dir='ltr'>esse</span> <span class='ocrx_word' id='word_1_106' title='bbox 1003 1940 1152 2016; x_wconf 79' lang='lat' dir='ltr'>effictum,</span> <span class='ocrx_word' id='word_1_107' title='bbox 1175 1942 1231 2003; x_wconf 90' lang='lat' dir='ltr'>sed</span> <span class='ocrx_word' id='word_1_108' title='bbox 1255 1949 1422 2023; x_wconf 91' lang='lat' dir='ltr'>utrumque</span> <span class='ocrx_word' id='word_1_109' title='bbox 1445 1964 1486 2005; x_wconf 91' lang='lat' dir='ltr'>ex</span> <span class='ocrx_word' id='word_1_110' title='bbox 1511 1945 1635 2006; x_wconf 90' lang='lat' dir='ltr'>mediae</span> 
     </span>
     <span class='ocr_line' id='line_1_14' title="bbox 413 2048 1632 2131; baseline -0.002 -17"><span class='ocrx_word' id='word_1_111' title='bbox 413 2053 599 2115; x_wconf 90' lang='lat' dir='ltr'>comoediae</span> <span class='ocrx_word' id='word_1_112' title='bbox 629 2049 735 2113; x_wconf 84' lang='lat' dir='ltr'>sabula</span> <span class='ocrx_word' id='word_1_113' title='bbox 766 2051 990 2131; x_wconf 92' lang='lat' dir='ltr'>repetendum,</span> <span class='ocrx_word' id='word_1_114' title='bbox 1017 2069 1080 2130; x_wconf 89' lang='lat' dir='ltr'>qua</span> <span class='ocrx_word' id='word_1_115' title='bbox 1109 2057 1206 2129; x_wconf 88' lang='lat' dir='ltr'>poeta</span> <span class='ocrx_word' id='word_1_116' title='bbox 1236 2048 1279 2109; x_wconf 91' lang='lat' dir='ltr'>eis</span> <span class='ocrx_word' id='word_1_117' title='bbox 1307 2070 1389 2129; x_wconf 89' lang='lat' dir='ltr'>quae</span> <span class='ocrx_word' id='word_1_118' title='bbox 1420 2049 1502 2112; x_wconf 88' lang='lat' dir='ltr'>male</span> <span class='ocrx_word' id='word_1_119' title='bbox 1533 2053 1632 2114; x_wconf 87' lang='lat' dir='ltr'>admi-</span> 
     </span>
     <span class='ocr_line' id='line_1_15' title="bbox 414 2133 1633 2239; baseline -0.001 -18"><span class='ocrx_word' id='word_1_120' title='bbox 414 2160 575 2221; x_wconf 89' lang='lat' dir='ltr'>nistrasset</span> <span class='ocrx_word' id='word_1_121' title='bbox 613 2133 702 2239; x_wconf 75' lang='lat' dir='ltr'>quasi</span> <span class='ocrx_word' id='word_1_122' title='bbox 733 2157 845 2218; x_wconf 86' lang='lat' dir='ltr'>enicari</span> <span class='ocrx_word' id='word_1_123' title='bbox 876 2157 1052 2218; x_wconf 82' lang='lat' dir='ltr'>doceretur.</span> <span class='ocrx_word' id='word_1_124' title='bbox 1113 2155 1156 2216; x_wconf 91' lang='lat' dir='ltr'>Et</span> <span class='ocrx_word' id='word_1_125' title='bbox 1183 2154 1315 2218; x_wconf 88' lang='lat' dir='ltr'>sortasse</span> <span class='ocrx_word' id='word_1_126' title='bbox 1346 2157 1473 2218; x_wconf 89' lang='lat' dir='ltr'>testudo</span> <span class='ocrx_word' id='word_1_127' title='bbox 1512 2156 1562 2219; x_wconf 90' lang='lat' dir='ltr'>illa</span> <span class='ocrx_word' id='word_1_128' title='bbox 1591 2158 1633 2220; x_wconf 91' lang='lat' dir='ltr'>ab</span> 
     </span>
    </p>
   </div>
   <div class='ocr_carea' id='block_1_3' title="bbox 412 2257 1635 2879">
    <p class='ocr_par' dir='ltr' id='par_1_3' title="bbox 412 2257 1635 2879">
     <span class='ocr_line' id='line_1_16' title="bbox 412 2257 1633 2347; baseline -0.001 -20"><span class='ocrx_word' id='word_1_129' title='bbox 412 2264 515 2346; x_wconf 89' lang='lat' dir='ltr'>aquila</span> <span class='ocrx_word' id='word_1_130' title='bbox 537 2266 626 2339; x_wconf 88' lang='lat' dir='ltr'>iacta,</span> <span class='ocrx_word' id='word_1_131' title='bbox 651 2257 808 2347; x_wconf 77' lang='grc' dir='ltr'><em>οὐράνιον</em></span> <span class='ocrx_word' id='word_1_132' title='bbox 824 2258 933 2338; x_wconf 76' lang='grc' dir='ltr'><em>βέλος,</em></span> <span class='ocrx_word' id='word_1_133' title='bbox 956 2263 999 2324; x_wconf 92' lang='lat' dir='ltr'>ad</span> <span class='ocrx_word' id='word_1_134' title='bbox 1014 2260 1138 2323; x_wconf 90' lang='lat' dir='ltr'>urinalis</span> <span class='ocrx_word' id='word_1_135' title='bbox 1153 2262 1290 2343; x_wconf 92' lang='lat' dir='ltr'>speciem</span> <span class='ocrx_word' id='word_1_136' title='bbox 1307 2261 1431 2343; x_wconf 90' lang='lat' dir='ltr'>depicta</span> <span class='ocrx_word' id='word_1_137' title='bbox 1454 2272 1528 2324; x_wconf 88' lang='lat' dir='ltr'>erat.</span> <span class='ocrx_word' id='word_1_138' title='bbox 1566 2263 1633 2326; x_wconf 89' lang='lat' dir='ltr'>Sed</span> 
     </span>
     <span class='ocr_line' id='line_1_17' title="bbox 412 2367 1633 2454; baseline -0.002 -19"><span class='ocrx_word' id='word_1_139' title='bbox 412 2375 442 2435; x_wconf 92' lang='lat' dir='ltr'>in</span> <span class='ocrx_word' id='word_1_140' title='bbox 459 2373 621 2454; x_wconf 86' lang='lat' dir='ltr'>regionem</span> <span class='ocrx_word' id='word_1_141' title='bbox 638 2367 808 2449; x_wconf 82' lang='grc' dir='ltr'><em>κάκοσμον</em></span> <span class='ocrx_word' id='word_1_142' title='bbox 828 2390 880 2431; x_wconf 90' lang='lat' dir='ltr'>me</span> <span class='ocrx_word' id='word_1_143' title='bbox 897 2367 1009 2430; x_wconf 80' lang='lat' dir='ltr'>deferri</span> <span class='ocrx_word' id='word_1_144' title='bbox 1025 2368 1145 2430; x_wconf 88' lang='lat' dir='ltr'>sentio:</span> <span class='ocrx_word' id='word_1_145' title='bbox 1173 2368 1254 2430; x_wconf 90' lang='lat' dir='ltr'>unde</span> <span class='ocrx_word' id='word_1_146' title='bbox 1270 2378 1409 2450; x_wconf 86' lang='lat' dir='ltr'>praestat</span> <span class='ocrx_word' id='word_1_147' title='bbox 1425 2391 1476 2432; x_wconf 90' lang='lat' dir='ltr'>me</span> <span class='ocrx_word' id='word_1_148' title='bbox 1492 2369 1532 2431; x_wconf 89' lang='lat' dir='ltr'>ad</span> <span class='ocrx_word' id='word_1_149' title='bbox 1548 2369 1633 2432; x_wconf 94' lang='lat' dir='ltr'>illum</span> 
     </span>
     <span class='ocr_line' id='line_1_18' title="bbox 413 2475 1635 2558; baseline -0.001 -18"><span class='ocrx_word' id='word_1_150' title='bbox 413 2480 495 2541; x_wconf 90' lang='lat' dir='ltr'>vitae</span> <span class='ocrx_word' id='word_1_151' title='bbox 519 2478 711 2558; x_wconf 91' lang='lat' dir='ltr'>Aeschyliae</span> <span class='ocrx_word' id='word_1_152' title='bbox 734 2476 839 2538; x_wconf 92' lang='lat' dir='ltr'>locum</span> <span class='ocrx_word' id='word_1_153' title='bbox 864 2476 1014 2556; x_wconf 87' lang='lat' dir='ltr'>recipere,</span> <span class='ocrx_word' id='word_1_154' title='bbox 1038 2495 1132 2556; x_wconf 91' lang='lat' dir='ltr'>quem</span> <span class='ocrx_word' id='word_1_155' title='bbox 1156 2475 1258 2556; x_wconf 91' lang='lat' dir='ltr'>ipsum</span> <span class='ocrx_word' id='word_1_156' title='bbox 1281 2495 1409 2556; x_wconf 91' lang='lat' dir='ltr'>quoque</span> <span class='ocrx_word' id='word_1_157' title='bbox 1431 2477 1635 2557; x_wconf 85' lang='lat' dir='ltr'>probabiliter</span> 
     </span>
     <span class='ocr_line' id='line_1_19' title="bbox 414 2581 1633 2664; baseline -0.001 -17"><span class='ocrx_word' id='word_1_158' title='bbox 414 2584 655 2649; x_wconf 72' lang='lat' dir='ltr'>chamaeleonti</span> <span class='ocrx_word' id='word_1_159' title='bbox 678 2584 835 2645; x_wconf 88' lang='lat' dir='ltr'>vindicare</span> <span class='ocrx_word' id='word_1_160' title='bbox 858 2603 954 2664; x_wconf 91' lang='lat' dir='ltr'>posse</span> <span class='ocrx_word' id='word_1_161' title='bbox 977 2581 1051 2643; x_wconf 93' lang='lat' dir='ltr'>mihi</span> <span class='ocrx_word' id='word_1_162' title='bbox 1072 2582 1191 2655; x_wconf 88' lang='lat' dir='ltr'>videor,</span> <span class='ocrx_word' id='word_1_163' title='bbox 1214 2583 1331 2663; x_wconf 92' lang='lat' dir='ltr'>quippe</span> <span class='ocrx_word' id='word_1_164' title='bbox 1355 2602 1427 2643; x_wconf 89' lang='lat' dir='ltr'>cum</span> <span class='ocrx_word' id='word_1_165' title='bbox 1450 2603 1491 2644; x_wconf 92' lang='lat' dir='ltr'>ex</span> <span class='ocrx_word' id='word_1_166' title='bbox 1508 2584 1633 2646; x_wconf 91' lang='lat' dir='ltr'>Aristo-</span> 
     </span>
     <span class='ocr_line' id='line_1_20' title="bbox 413 2688 1633 2774; baseline 0 -21"><span class='ocrx_word' id='word_1_167' title='bbox 413 2691 524 2774; x_wconf 88' lang='lat' dir='ltr'>phanis</span> <span class='ocrx_word' id='word_1_168' title='bbox 547 2691 620 2753; x_wconf 89' lang='lat' dir='ltr'>loco</span> <span class='ocrx_word' id='word_1_169' title='bbox 644 2710 811 2772; x_wconf 88' lang='lat' dir='ltr'>perperam</span> <span class='ocrx_word' id='word_1_170' title='bbox 828 2688 987 2771; x_wconf 91' lang='lat' dir='ltr'>explicato</span> <span class='ocrx_word' id='word_1_171' title='bbox 1008 2688 1202 2769; x_wconf 89' lang='lat' dir='ltr'>profluxerit.</span> <span class='ocrx_word' id='word_1_172' title='bbox 1241 2689 1271 2750; x_wconf 90' lang='lat' dir='ltr'>Is</span> <span class='ocrx_word' id='word_1_173' title='bbox 1294 2689 1376 2749; x_wconf 92' lang='lat' dir='ltr'>enim</span> <span class='ocrx_word' id='word_1_174' title='bbox 1400 2709 1471 2750; x_wconf 87' lang='lat' dir='ltr'>cum</span> <span class='ocrx_word' id='word_1_175' title='bbox 1488 2689 1633 2771; x_wconf 89' lang='lat' dir='ltr'>Aeschy-</span> 
     </span>
     <span class='ocr_line' id='line_1_21' title="bbox 414 2789 1634 2879; baseline -0.001 -21"><span class='ocrx_word' id='word_1_176' title='bbox 414 2799 478 2860; x_wconf 94' lang='lat' dir='ltr'>lum</span> <span class='ocrx_word' id='word_1_177' title='bbox 510 2799 540 2879; x_wconf 92' lang='lat' dir='ltr'>in</span> <span class='ocrx_word' id='word_1_178' title='bbox 563 2797 661 2859; x_wconf 91' lang='lat' dir='ltr'>Ranis</span> <span class='ocrx_word' id='word_1_179' title='bbox 690 2798 846 2859; x_wconf 90' lang='lat' dir='ltr'>dicentem</span> <span class='ocrx_word' id='word_1_180' title='bbox 874 2794 986 2858; x_wconf 86' lang='lat' dir='ltr'>faciat:</span> <span class='ocrx_word' id='word_1_181' title='bbox 1020 2791 1206 2875; x_wconf 71' lang='lat' dir='ltr'>q‘nolqnic</span> <span class='ocrx_word' id='word_1_182' title='bbox 1238 2789 1310 2871; x_wconf 74' lang='grc' dir='ltr'>οὐχὶ</span> <span class='ocrx_word' id='word_1_183' title='bbox 1342 2797 1542 2877; x_wconf 72' lang='grc' dir='ltr'><em>συντέθνηκέ</em></span> <span class='ocrx_word' id='word_1_184' title='bbox 1564 2819 1634 2876; x_wconf 81' lang='grc' dir='ltr'><em>μοι,</em></span> 
     </span>
    </p>
   </div>
   <div class='ocr_carea' id='block_1_4' title="bbox 411 2897 1635 4904">
    <p class='ocr_par' dir='ltr' id='par_1_4' title="bbox 411 2897 1635 4904">
     <span class='ocr_line' id='line_1_22' title="bbox 413 2897 1633 2985; baseline 0.001 -20"><span class='ocrx_word' id='word_1_185' title='bbox 413 2901 516 2985; x_wconf 80' lang='grc' dir='ltr'><strong><em>τούτῳ</em></strong></span> <span class='ocrx_word' id='word_1_186' title='bbox 543 2903 578 2965; x_wconf 82' lang='grc' dir='ltr'>δὲ</span> <span class='ocrx_word' id='word_1_187' title='bbox 603 2905 839 2984; x_wconf 74' lang='grc' dir='ltr'><em>συντέθνηκεν,</em></span> <span class='ocrx_word' id='word_1_188' title='bbox 873 2897 960 2963; x_wconf 75' lang='grc' dir='ltr'>ὥσθ’</span> <span class='ocrx_word' id='word_1_189' title='bbox 985 2898 1051 2973; x_wconf 69' lang='grc' dir='ltr'>ἕξει</span> <span class='ocrx_word' id='word_1_190' title='bbox 1074 2898 1196 2980; x_wconf 79' lang='grc' dir='ltr'><em>λέγειν,</em></span> <span class='ocrx_word' id='word_1_191' title='bbox 1226 2911 1258 2964; x_wconf 90' lang='lat' dir='ltr'>et</span> <span class='ocrx_word' id='word_1_192' title='bbox 1282 2901 1450 2966; x_wconf 85' lang='lat' dir='ltr'>scholiasta</span> <span class='ocrx_word' id='word_1_193' title='bbox 1473 2913 1505 2965; x_wconf 91' lang='lat' dir='ltr'>et</span> <span class='ocrx_word' id='word_1_194' title='bbox 1528 2925 1633 2966; x_wconf 90' lang='lat' dir='ltr'>recen-</span> 
     </span>
     <span class='ocr_line' id='line_1_23' title="bbox 414 3009 1634 3093; baseline 0 -21"><span class='ocrx_word' id='word_1_195' title='bbox 414 3013 511 3075; x_wconf 91' lang='lat' dir='ltr'>tiores</span> <span class='ocrx_word' id='word_1_196' title='bbox 539 3012 724 3093; x_wconf 89' lang='lat' dir='ltr'>interpretes</span> <span class='ocrx_word' id='word_1_197' title='bbox 755 3009 845 3072; x_wconf 91' lang='lat' dir='ltr'>multi</span> <span class='ocrx_word' id='word_1_198' title='bbox 872 3009 935 3072; x_wconf 90' lang='lat' dir='ltr'>hoc</span> <span class='ocrx_word' id='word_1_199' title='bbox 972 3010 1057 3072; x_wconf 92' lang='lat' dir='ltr'>dicto</span> <span class='ocrx_word' id='word_1_200' title='bbox 1088 3009 1285 3091; x_wconf 89' lang='lat' dir='ltr'>plebiscitum</span> <span class='ocrx_word' id='word_1_201' title='bbox 1322 3012 1408 3092; x_wconf 86' lang='lat' dir='ltr'>tangi</span> <span class='ocrx_word' id='word_1_202' title='bbox 1440 3021 1634 3087; x_wconf 91' lang='lat' dir='ltr'>censuerunt,</span> 
     </span>
     <span class='ocr_line' id='line_1_24' title="bbox 414 3114 1631 3199; baseline 0.001 -19"><span class='ocrx_word' id='word_1_203' title='bbox 414 3138 479 3198; x_wconf 94' lang='lat' dir='ltr'>quo</span> <span class='ocrx_word' id='word_1_204' title='bbox 503 3117 656 3197; x_wconf 87' lang='lat' dir='ltr'>Aeschyli</span> <span class='ocrx_word' id='word_1_205' title='bbox 686 3117 807 3180; x_wconf 88' lang='lat' dir='ltr'>fabulas</span> <span class='ocrx_word' id='word_1_206' title='bbox 830 3114 1042 3179; x_wconf 91' lang='lat' dir='ltr'>Athenienses</span> <span class='ocrx_word' id='word_1_207' title='bbox 1066 3115 1116 3178; x_wconf 93' lang='lat' dir='ltr'>vel</span> <span class='ocrx_word' id='word_1_208' title='bbox 1146 3126 1221 3199; x_wconf 89' lang='lat' dir='ltr'>post</span> <span class='ocrx_word' id='word_1_209' title='bbox 1248 3125 1385 3179; x_wconf 88' lang='lat' dir='ltr'>mortem</span> <span class='ocrx_word' id='word_1_210' title='bbox 1416 3119 1481 3180; x_wconf 88' lang='lat' dir='ltr'>cius</span> <span class='ocrx_word' id='word_1_211' title='bbox 1511 3119 1542 3180; x_wconf 95' lang='lat' dir='ltr'>in</span> <span class='ocrx_word' id='word_1_212' title='bbox 1566 3140 1631 3182; x_wconf 90' lang='lat' dir='ltr'>cer-</span> 
     </span>
     <span class='ocr_line' id='line_1_25' title="bbox 415 3222 1635 3305; baseline 0.001 -18"><span class='ocrx_word' id='word_1_213' title='bbox 415 3235 521 3287; x_wconf 88' lang='lat' dir='ltr'>tamen</span> <span class='ocrx_word' id='word_1_214' title='bbox 553 3222 675 3287; x_wconf 80' lang='lat' dir='ltr'>deferre</span> <span class='ocrx_word' id='word_1_215' title='bbox 704 3223 926 3305; x_wconf 89' lang='lat' dir='ltr'>permisissent.</span> <span class='ocrx_word' id='word_1_216' title='bbox 979 3222 1027 3284; x_wconf 92' lang='lat' dir='ltr'>At</span> <span class='ocrx_word' id='word_1_217' title='bbox 1051 3222 1088 3284; x_wconf 90' lang='lat' dir='ltr'>G.</span> <span class='ocrx_word' id='word_1_218' title='bbox 1112 3223 1313 3286; x_wconf 89' lang='lat' dir='ltr'>Hermannus</span> <span class='ocrx_word' id='word_1_219' title='bbox 1343 3244 1406 3305; x_wconf 91' lang='lat' dir='ltr'>qua</span> <span class='ocrx_word' id='word_1_220' title='bbox 1436 3234 1503 3287; x_wconf 89' lang='lat' dir='ltr'>erat</span> <span class='ocrx_word' id='word_1_221' title='bbox 1533 3227 1635 3289; x_wconf 91' lang='lat' dir='ltr'>iudicii</span> 
     </span>
     <span class='ocr_line' id='line_1_26' title="bbox 413 3325 1632 3416; baseline 0.003 -24"><span class='ocrx_word' id='word_1_222' title='bbox 413 3332 594 3412; x_wconf 89' lang='lat' dir='ltr'>integritate</span> <span class='ocrx_word' id='word_1_223' title='bbox 618 3332 661 3392; x_wconf 88' lang='lat' dir='ltr'>ita</span> <span class='ocrx_word' id='word_1_224' title='bbox 684 3325 852 3392; x_wconf 89' lang='lat' dir='ltr'>acutissimi</span> <span class='ocrx_word' id='word_1_225' title='bbox 868 3329 941 3392; x_wconf 92' lang='lat' dir='ltr'>dicti</span> <span class='ocrx_word' id='word_1_226' title='bbox 956 3330 1020 3391; x_wconf 93' lang='lat' dir='ltr'>vim</span> <span class='ocrx_word' id='word_1_227' title='bbox 1045 3330 1142 3391; x_wconf 90' lang='lat' dir='ltr'>everti</span> <span class='ocrx_word' id='word_1_228' title='bbox 1157 3331 1327 3412; x_wconf 88' lang='lat' dir='ltr'>perspexit,</span> <span class='ocrx_word' id='word_1_229' title='bbox 1350 3352 1533 3416; x_wconf 91' lang='lat' dir='ltr'>quounum</span> <span class='ocrx_word' id='word_1_230' title='bbox 1558 3355 1632 3396; x_wconf 89' lang='lat' dir='ltr'>con-</span> 
     </span>
     <span class='ocr_line' id='line_1_27' title="bbox 412 3437 1633 3519; baseline 0.003 -19"><span class='ocrx_word' id='word_1_231' title='bbox 412 3439 557 3500; x_wconf 89' lang='lat' dir='ltr'>tenderet</span> <span class='ocrx_word' id='word_1_232' title='bbox 582 3437 764 3518; x_wconf 88' lang='lat' dir='ltr'>Aeschylus</span> <span class='ocrx_word' id='word_1_233' title='bbox 788 3458 878 3499; x_wconf 90' lang='lat' dir='ltr'>suam</span> <span class='ocrx_word' id='word_1_234' title='bbox 901 3437 996 3519; x_wconf 90' lang='lat' dir='ltr'>ipsius</span> <span class='ocrx_word' id='word_1_235' title='bbox 1018 3437 1128 3518; x_wconf 91' lang='lat' dir='ltr'>poesin</span> <span class='ocrx_word' id='word_1_236' title='bbox 1152 3437 1362 3501; x_wconf 90' lang='lat' dir='ltr'>immortalem</span> <span class='ocrx_word' id='word_1_237' title='bbox 1386 3439 1466 3501; x_wconf 90' lang='lat' dir='ltr'>inter</span> <span class='ocrx_word' id='word_1_238' title='bbox 1489 3439 1633 3504; x_wconf 89' lang='lat' dir='ltr'>homines</span> 
     </span>
     <span class='ocr_line' id='line_1_28' title="bbox 413 3542 1632 3628; baseline 0.004 -23"><span class='ocrx_word' id='word_1_239' title='bbox 413 3545 606 3619; x_wconf 90' lang='lat' dir='ltr'>remansisse,</span> <span class='ocrx_word' id='word_1_240' title='bbox 630 3544 786 3626; x_wconf 90' lang='lat' dir='ltr'>Euripidis</span> <span class='ocrx_word' id='word_1_241' title='bbox 810 3565 882 3606; x_wconf 88' lang='lat' dir='ltr'>cum</span> <span class='ocrx_word' id='word_1_242' title='bbox 906 3543 959 3606; x_wconf 94' lang='lat' dir='ltr'>illo</span> <span class='ocrx_word' id='word_1_243' title='bbox 984 3544 1014 3604; x_wconf 94' lang='lat' dir='ltr'>in</span> <span class='ocrx_word' id='word_1_244' title='bbox 1038 3542 1157 3606; x_wconf 90' lang='lat' dir='ltr'>Orcum</span> <span class='ocrx_word' id='word_1_245' title='bbox 1181 3545 1389 3606; x_wconf 90' lang='lat' dir='ltr'>descendisse.</span> <span class='ocrx_word' id='word_1_246' title='bbox 1437 3545 1534 3628; x_wconf 85' lang='lat' dir='ltr'>Quod</span> <span class='ocrx_word' id='word_1_247' title='bbox 1559 3569 1632 3611; x_wconf 91' lang='lat' dir='ltr'>cum</span> 
     </span>
     <span class='ocr_line' id='line_1_29' title="bbox 413 3649 1633 3736; baseline 0.005 -24"><span class='ocrx_word' id='word_1_248' title='bbox 413 3651 470 3712; x_wconf 90' lang='lat' dir='ltr'>alii</span> <span class='ocrx_word' id='word_1_249' title='bbox 485 3652 680 3713; x_wconf 90' lang='lat' dir='ltr'>verissimum</span> <span class='ocrx_word' id='word_1_250' title='bbox 709 3672 779 3713; x_wconf 91' lang='lat' dir='ltr'>esse</span> <span class='ocrx_word' id='word_1_251' title='bbox 809 3660 1035 3731; x_wconf 89' lang='lat' dir='ltr'>agnoscerent,</span> <span class='ocrx_word' id='word_1_252' title='bbox 1066 3649 1130 3725; x_wconf 88' lang='lat' dir='ltr'>alii,</span> <span class='ocrx_word' id='word_1_253' title='bbox 1161 3659 1196 3711; x_wconf 92' lang='lat' dir='ltr'>ut</span> <span class='ocrx_word' id='word_1_254' title='bbox 1219 3650 1381 3726; x_wconf 78' lang='lat' dir='ltr'>ExneruS,</span> <span class='ocrx_word' id='word_1_255' title='bbox 1414 3651 1633 3736; x_wconf 87' lang='lat' dir='ltr'>Goettlingius,</span> 
     </span>
     <span class='ocr_line' id='line_1_30' title="bbox 412 3756 1633 3838; baseline 0.004 -19"><span class='ocrx_word' id='word_1_256' title='bbox 412 3758 450 3819; x_wconf 88' lang='lat' dir='ltr'>R.</span> <span class='ocrx_word' id='word_1_257' title='bbox 467 3757 638 3820; x_wconf 90' lang='lat' dir='ltr'>Dahmsius</span> <span class='ocrx_word' id='word_1_258' title='bbox 660 3756 833 3838; x_wconf 89' lang='lat' dir='ltr'>simplicem</span> <span class='ocrx_word' id='word_1_259' title='bbox 849 3758 1006 3838; x_wconf 90' lang='lat' dir='ltr'>aspernati</span> <span class='ocrx_word' id='word_1_260' title='bbox 1029 3757 1182 3819; x_wconf 90' lang='lat' dir='ltr'>rationem</span> <span class='ocrx_word' id='word_1_261' title='bbox 1203 3767 1258 3820; x_wconf 88' lang='lat' dir='ltr'>aut</span> <span class='ocrx_word' id='word_1_262' title='bbox 1280 3757 1468 3821; x_wconf 90' lang='lat' dir='ltr'>scholiorum</span> <span class='ocrx_word' id='word_1_263' title='bbox 1494 3780 1633 3824; x_wconf 90' lang='lat' dir='ltr'>errorem</span> 
     </span>
     <span class='ocr_line' id='line_1_31' title="bbox 413 3863 1632 3949; baseline 0.005 -25"><span class='ocrx_word' id='word_1_264' title='bbox 413 3863 663 3943; x_wconf 90' lang='lat' dir='ltr'>redintegrarunt</span> <span class='ocrx_word' id='word_1_265' title='bbox 686 3872 740 3924; x_wconf 91' lang='lat' dir='ltr'>aut</span> <span class='ocrx_word' id='word_1_266' title='bbox 762 3863 819 3944; x_wconf 93' lang='lat' dir='ltr'>ipsi</span> <span class='ocrx_word' id='word_1_267' title='bbox 844 3863 1052 3925; x_wconf 88' lang='lat' dir='ltr'>reconditiora</span> <span class='ocrx_word' id='word_1_268' title='bbox 1075 3865 1313 3944; x_wconf 88' lang='lat' dir='ltr'>excogitarunt,</span> <span class='ocrx_word' id='word_1_269' title='bbox 1342 3875 1375 3926; x_wconf 93' lang='lat' dir='ltr'>ut</span> <span class='ocrx_word' id='word_1_270' title='bbox 1399 3867 1439 3927; x_wconf 94' lang='lat' dir='ltr'>de</span> <span class='ocrx_word' id='word_1_271' title='bbox 1462 3865 1509 3929; x_wconf 93' lang='lat' dir='ltr'>his</span> <span class='ocrx_word' id='word_1_272' title='bbox 1531 3868 1632 3949; x_wconf 92' lang='lat' dir='ltr'>philo-</span> 
     </span>
     <span class='ocr_line' id='line_1_32' title="bbox 412 3968 1633 4052; baseline 0.007 -23"><span class='ocrx_word' id='word_1_273' title='bbox 412 3968 559 4050; x_wconf 91' lang='lat' dir='ltr'>logorum</span> <span class='ocrx_word' id='word_1_274' title='bbox 592 3970 854 4051; x_wconf 88' lang='lat' dir='ltr'>explicationibus</span> <span class='ocrx_word' id='word_1_275' title='bbox 885 3971 999 4033; x_wconf 90' lang='lat' dir='ltr'>merito</span> <span class='ocrx_word' id='word_1_276' title='bbox 1038 3970 1097 4032; x_wconf 92' lang='lat' dir='ltr'>dici</span> <span class='ocrx_word' id='word_1_277' title='bbox 1135 3991 1229 4052; x_wconf 90' lang='lat' dir='ltr'>posse</span> <span class='ocrx_word' id='word_1_278' title='bbox 1268 3973 1424 4034; x_wconf 87' lang='lat' dir='ltr'>videatur:</span> <span class='ocrx_word' id='word_1_279' title='bbox 1466 3995 1529 4036; x_wconf 91' lang='lat' dir='ltr'>non</span> <span class='ocrx_word' id='word_1_280' title='bbox 1567 3984 1633 4038; x_wconf 87' lang='lat' dir='ltr'>tam</span> 
     </span>
     <span class='ocr_line' id='line_1_33' title="bbox 413 4077 1634 4164; baseline 0.007 -28"><span class='ocrx_word' id='word_1_281' title='bbox 413 4085 573 4150; x_wconf 88' lang='lat' dir='ltr'>naturam,</span> <span class='ocrx_word' id='word_1_282' title='bbox 604 4098 699 4160; x_wconf 93' lang='lat' dir='ltr'>quam</span> <span class='ocrx_word' id='word_1_283' title='bbox 729 4097 861 4158; x_wconf 88' lang='lat' dir='ltr'>pravam</span> <span class='ocrx_word' id='word_1_284' title='bbox 891 4078 1066 4139; x_wconf 87' lang='lat' dir='ltr'>doctrinam</span> <span class='ocrx_word' id='word_1_285' title='bbox 1097 4078 1238 4159; x_wconf 89' lang='lat' dir='ltr'>expellas</span> <span class='ocrx_word' id='word_1_286' title='bbox 1266 4077 1364 4153; x_wconf 85' lang='lat' dir='ltr'>furca,</span> <span class='ocrx_word' id='word_1_287' title='bbox 1396 4089 1503 4142; x_wconf 87' lang='lat' dir='ltr'>tamen</span> <span class='ocrx_word' id='word_1_288' title='bbox 1535 4103 1634 4164; x_wconf 85' lang='lat' dir='ltr'>usque</span> 
     </span>
     <span class='ocr_line' id='line_1_34' title="bbox 412 4181 1632 4265; baseline 0.007 -22"><span class='ocrx_word' id='word_1_289' title='bbox 412 4191 557 4245; x_wconf 88' lang='lat' dir='ltr'>recurret.</span> <span class='ocrx_word' id='word_1_290' title='bbox 604 4181 669 4244; x_wconf 89' lang='lat' dir='ltr'>Sed</span> <span class='ocrx_word' id='word_1_291' title='bbox 694 4184 788 4244; x_wconf 87' lang='lat' dir='ltr'>etiam</span> <span class='ocrx_word' id='word_1_292' title='bbox 812 4183 1014 4245; x_wconf 91' lang='lat' dir='ltr'>Hermannus</span> <span class='ocrx_word' id='word_1_293' title='bbox 1038 4184 1152 4265; x_wconf 90' lang='lat' dir='ltr'>quique</span> <span class='ocrx_word' id='word_1_294' title='bbox 1176 4205 1247 4247; x_wconf 91' lang='lat' dir='ltr'>cum</span> <span class='ocrx_word' id='word_1_295' title='bbox 1272 4206 1312 4247; x_wconf 91' lang='lat' dir='ltr'>eo</span> <span class='ocrx_word' id='word_1_296' title='bbox 1335 4195 1420 4248; x_wconf 90' lang='lat' dir='ltr'>recte</span> <span class='ocrx_word' id='word_1_297' title='bbox 1444 4189 1485 4250; x_wconf 93' lang='lat' dir='ltr'>de</span> <span class='ocrx_word' id='word_1_298' title='bbox 1507 4187 1632 4252; x_wconf 90' lang='lat' dir='ltr'>Aristo-</span> 
     </span>
     <span class='ocr_line' id='line_1_35' title="bbox 411 4287 1633 4374; baseline 0.009 -25"><span class='ocrx_word' id='word_1_299' title='bbox 411 4288 522 4370; x_wconf 91' lang='lat' dir='ltr'>phanis</span> <span class='ocrx_word' id='word_1_300' title='bbox 537 4287 608 4350; x_wconf 93' lang='lat' dir='ltr'>loco</span> <span class='ocrx_word' id='word_1_301' title='bbox 625 4291 806 4364; x_wconf 87' lang='lat' dir='ltr'>iudicarunt,</span> <span class='ocrx_word' id='word_1_302' title='bbox 831 4290 970 4370; x_wconf 91' lang='lat' dir='ltr'>itemque</span> <span class='ocrx_word' id='word_1_303' title='bbox 986 4289 1029 4353; x_wconf 82' lang='lat' dir='ltr'>O:</span> <span class='ocrx_word' id='word_1_304' title='bbox 1044 4289 1221 4366; x_wconf 88' lang='lat' dir='ltr'>Muellerus,</span> <span class='ocrx_word' id='word_1_305' title='bbox 1238 4291 1469 4374; x_wconf 90' lang='lat' dir='ltr'>Bernhardyus,</span> <span class='ocrx_word' id='word_1_306' title='bbox 1485 4295 1633 4364; x_wconf 83' lang='lat' dir='ltr'>Kornius</span> 
     </span>
     <span class='ocr_line' id='line_1_36' title="bbox 412 4393 1633 4477; baseline 0.009 -22"><span class='ocrx_word' id='word_1_307' title='bbox 412 4393 460 4456; x_wconf 92' lang='lat' dir='ltr'>alii</span> <span class='ocrx_word' id='word_1_308' title='bbox 484 4396 525 4456; x_wconf 93' lang='lat' dir='ltr'>de</span> <span class='ocrx_word' id='word_1_309' title='bbox 548 4396 617 4475; x_wconf 91' lang='lat' dir='ltr'>ipso</span> <span class='ocrx_word' id='word_1_310' title='bbox 648 4395 830 4475; x_wconf 89' lang='lat' dir='ltr'>plebiscito,</span> <span class='ocrx_word' id='word_1_311' title='bbox 860 4397 949 4477; x_wconf 94' lang='lat' dir='ltr'>quod</span> <span class='ocrx_word' id='word_1_312' title='bbox 980 4396 1099 4459; x_wconf 88' lang='lat' dir='ltr'>scholia</span> <span class='ocrx_word' id='word_1_313' title='bbox 1128 4397 1278 4472; x_wconf 83' lang='lat' dir='ltr'>afferunt,</span> <span class='ocrx_word' id='word_1_314' title='bbox 1307 4398 1536 4464; x_wconf 85' lang='lat' dir='ltr'>dubitationem</span> <span class='ocrx_word' id='word_1_315' title='bbox 1568 4424 1633 4466; x_wconf 93' lang='lat' dir='ltr'>non</span> 
     </span>
     <span class='ocr_line' id='line_1_37' title="bbox 412 4501 1634 4583; baseline 0.011 -22"><span class='ocrx_word' id='word_1_316' title='bbox 412 4511 595 4576; x_wconf 90' lang='lat' dir='ltr'>moverunt,</span> <span class='ocrx_word' id='word_1_317' title='bbox 618 4511 729 4583; x_wconf 88' lang='lat' dir='ltr'>utpote</span> <span class='ocrx_word' id='word_1_318' title='bbox 753 4504 794 4564; x_wconf 93' lang='lat' dir='ltr'>de</span> <span class='ocrx_word' id='word_1_319' title='bbox 816 4523 880 4583; x_wconf 93' lang='lat' dir='ltr'>quo</span> <span class='ocrx_word' id='word_1_320' title='bbox 905 4501 1029 4565; x_wconf 89' lang='lat' dir='ltr'>aliunde</span> <span class='ocrx_word' id='word_1_321' title='bbox 1049 4503 1123 4566; x_wconf 91' lang='lat' dir='ltr'>satis</span> <span class='ocrx_word' id='word_1_322' title='bbox 1147 4514 1292 4567; x_wconf 88' lang='lat' dir='ltr'>constare</span> <span class='ocrx_word' id='word_1_323' title='bbox 1315 4506 1546 4571; x_wconf 89' lang='lat' dir='ltr'>arbitrarentur.</span> <span class='ocrx_word' id='word_1_324' title='bbox 1585 4511 1634 4574; x_wconf 94' lang='lat' dir='ltr'>At</span> 
     </span>
     <span class='ocr_line' id='line_1_38' title="bbox 413 4606 1634 4696; baseline 0.01 -29"><span class='ocrx_word' id='word_1_325' title='bbox 413 4606 591 4687; x_wconf 87' lang='lat' dir='ltr'>Quintiliani</span> <span class='ocrx_word' id='word_1_326' title='bbox 623 4608 728 4670; x_wconf 91' lang='lat' dir='ltr'>locum</span> <span class='ocrx_word' id='word_1_327' title='bbox 760 4609 785 4670; x_wconf 92' lang='lat' dir='ltr'>si</span> <span class='ocrx_word' id='word_1_328' title='bbox 808 4609 974 4684; x_wconf 90' lang='lat' dir='ltr'>mittimus,</span> <span class='ocrx_word' id='word_1_329' title='bbox 1007 4631 1102 4690; x_wconf 90' lang='lat' dir='ltr'>quem</span> <span class='ocrx_word' id='word_1_330' title='bbox 1127 4631 1239 4673; x_wconf 90' lang='lat' dir='ltr'>omnes</span> <span class='ocrx_word' id='word_1_331' title='bbox 1261 4613 1462 4676; x_wconf 91' lang='lat' dir='ltr'>consentiunt</span> <span class='ocrx_word' id='word_1_332' title='bbox 1484 4635 1634 4696; x_wconf 91' lang='lat' dir='ltr'>perversa</span> 
     </span>
     <span class='ocr_line' id='line_1_39' title="bbox 412 4715 1632 4799; baseline 0.009 -25"><span class='ocrx_word' id='word_1_333' title='bbox 412 4717 547 4788; x_wconf 89' lang='lat' dir='ltr'>tradere,</span> <span class='ocrx_word' id='word_1_334' title='bbox 571 4725 674 4778; x_wconf 87' lang='lat' dir='ltr'>cetera</span> <span class='ocrx_word' id='word_1_335' title='bbox 690 4715 731 4776; x_wconf 89' lang='lat' dir='ltr'>de</span> <span class='ocrx_word' id='word_1_336' title='bbox 750 4716 810 4778; x_wconf 87' lang='lat' dir='ltr'>hac</span> <span class='ocrx_word' id='word_1_337' title='bbox 826 4735 860 4776; x_wconf 93' lang='lat' dir='ltr'>re</span> <span class='ocrx_word' id='word_1_338' title='bbox 875 4717 1054 4778; x_wconf 90' lang='lat' dir='ltr'>testimonia</span> <span class='ocrx_word' id='word_1_339' title='bbox 1070 4718 1110 4778; x_wconf 93' lang='lat' dir='ltr'>ad</span> <span class='ocrx_word' id='word_1_340' title='bbox 1130 4717 1376 4799; x_wconf 89' lang='lat' dir='ltr'>Aristophanem</span> <span class='ocrx_word' id='word_1_341' title='bbox 1401 4720 1508 4783; x_wconf 89' lang='lat' dir='ltr'>omnia</span> <span class='ocrx_word' id='word_1_342' title='bbox 1531 4724 1632 4786; x_wconf 91' lang='lat' dir='ltr'>redire</span> 
     </span>
     <span class='ocr_line' id='line_1_40' title="bbox 412 4821 1632 4904; baseline 0.011 -24"><span class='ocrx_word' id='word_1_343' title='bbox 412 4840 534 4883; x_wconf 83' lang='lat' dir='ltr'>censeo</span> <span class='ocrx_word' id='word_1_344' title='bbox 580 4821 664 4882; x_wconf 93' lang='lat' dir='ltr'>Nam</span> <span class='ocrx_word' id='word_1_345' title='bbox 696 4825 783 4903; x_wconf 93' lang='lat' dir='ltr'>quod</span> <span class='ocrx_word' id='word_1_346' title='bbox 814 4832 939 4904; x_wconf 89' lang='lat' dir='ltr'>praeter</span> <span class='ocrx_word' id='word_1_347' title='bbox 969 4824 1207 4886; x_wconf 90' lang='lat' dir='ltr'>adnotationem</span> <span class='ocrx_word' id='word_1_348' title='bbox 1239 4825 1278 4886; x_wconf 91' lang='lat' dir='ltr'>ad</span> <span class='ocrx_word' id='word_1_349' title='bbox 1307 4825 1413 4888; x_wconf 89' lang='lat' dir='ltr'>Ranas</span> <span class='ocrx_word' id='word_1_350' title='bbox 1444 4826 1558 4890; x_wconf 84' lang='lat' dir='ltr'>factam</span> <span class='ocrx_word' id='word_1_351' title='bbox 1590 4832 1632 4893; x_wconf 89' lang='lat' dir='ltr'>ad</span> 
     </span>
    </p>
   </div>
   <div class='ocr_carea' id='block_1_5' title="bbox 0 0 1858 5876">
    <p class='ocr_par' dir='ltr' id='par_1_5' title="bbox 0 0 1858 5876">
     <span class='ocr_line' id='line_1_41' title="bbox 0 0 1858 5876; baseline 0 0"><span class='ocrx_word' id='word_1_352' title='bbox 0 0 1858 5876; x_wconf 95' lang='lat' dir='ltr'> </span> 
     </span>
    </p>
   </div>
  </div>
 </body>
</html>
