3706 5876
930 589 1150 652 „44-

428 763 602 824 rotundum
618 785 714 845 quem
731 765 863 827 dicimus
881 765 1095 828 universarum
1112 765 1285 829 fabularum
1302 786 1466 828 numerum
1483 767 1654 848 expressit,

428 867 515 930 velut
537 868 623 932 idem
639 891 668 932 v.
686 866 842 950 Φιλήμων
870 871 967 934 habet
983 869 1117 957 Ιἔγραψε
1148 870 1184 933 δὲ
1212 870 1388 953 κωμῳδίας
1411 867 1516 955 πρὸς
1540 871 1653 955 ἐνενή-

428 995 550 1037 κοντα;
586 979 669 1039 unde
693 979 718 1040 si
749 979 818 1059 quis
841 979 937 1041 etiam
962 978 1024 1041 hoc
1046 979 1129 1042 vitae
1152 978 1345 1058 Aeschyliae
1374 977 1446 1042 loco
1474 974 1563 1059 άμῳί
1587 1002 1653 1042 ser-

427 1082 493 1144 vari
517 1103 610 1164 posse
635 1085 746 1146 addito
763 1080 793 1162 9³
813 1084 956 1165 colligat,
990 1084 1065 1148 illud
1089 1086 1346 1168 respondendum
1370 1095 1434 1162 est,
1467 1107 1538 1148 cum
1561 1107 1654 1148 accu-

433 1195 501 1250 rate
524 1188 586 1252 hoc
609 1190 682 1253 loco
706 1193 826 1253 numeri
843 1201 1075 1274 computentur,
1099 1191 1150 1254 vel
1173 1193 1312 1255 maxime
1336 1201 1513 1255 accuratam
1537 1194 1653 1274 requiri

430 1295 691 1377 designationem.
736 1299 897 1361 Restituto
921 1309 1027 1362 autem
1051 1294 1098 1377 ἦγ’
1125 1294 1168 1360 τά
1194 1294 1404 1360 admocum
1428 1299 1547 1380 optime
1571 1320 1654 1380 quae

431 1402 610 1466 insecuntur
632 1425 702 1466 sese
727 1407 974 1468 accommodant
998 1409 1091 1476 νίκας
1108 1403 1143 1465 δὲ
1166 1401 1238 1475 τάς
1263 1400 1394 1475 πάσας
1418 1401 1532 1486 είλρῳε
1549 1426 1653 1487 τρεις-

429 1507 577 1585 καίδεκα,
601 1520 669 1573 tum
686 1511 761 1575 illud
780 1511 945 1588 lucramur,
970 1522 1004 1575 ut
1026 1513 1102 1575 satis
1118 1513 1198 1576 inter
1219 1533 1254 1574 se
1278 1513 1466 1576 conveniant
1481 1510 1597 1576 Suidae
1621 1522 1655 1574 et

428 1615 511 1677 vitae
535 1618 665 1680 numeri.
713 1619 797 1680 Nam
830 1628 863 1680 ut
887 1620 917 1681 in
941 1619 1006 1682 aliis
1029 1619 1123 1682 rebus
1143 1620 1413 1701 perversissimum
1437 1628 1485 1682 est
1507 1620 1655 1694 studium,

330 1803 333 1812 1
428 1743 492 1802 quo
516 1723 641 1786 diversa
663 1726 845 1788 testimonia
868 1725 1130 1809 explicationibus
1158 1725 1495 1808 emendationibusque
1518 1728 1597 1788 inter
1619 1747 1655 1788 se

428 1829 593 1892 conciliare
617 1831 803 1907 moliuntur,
835 1833 878 1894 ita
906 1832 1003 1907 tales,
1030 1832 1139 1912 quales
1163 1833 1380 1906 tractavimus,
1411 1832 1589 1894 notationes
1612 1833 1654 1893 ad

429 1956 526 1998 unum
557 1957 669 2000 omncs
699 1937 879 2002 tabularum
902 1938 1194 2002 Alexandrinarum
1219 1938 1339 2000 sontem
1368 1938 1561 2000 revocandas
1585 1959 1655 2000 esse

428 2041 459 2102 in
484 2043 550 2104 dies
573 2044 675 2126 magis
698 2046 863 2126 magisque
886 2044 1048 2127 probatur.

519 2149 630 2232 Itaque
668 2159 702 2212 ut
740 2153 815 2214 satis
853 2151 992 2232 amplam
1024 2152 1270 2234 disputationem
1307 2153 1414 2234 paucis
1454 2151 1656 2234 complectar,

429 2255 580 2337 principio
597 2256 752 2338 Aeschyli
767 2257 880 2320 fabulis
897 2256 972 2320 nihil
987 2260 1194 2340 praemissum
1219 2279 1289 2322 esse
1311 2259 1471 2321 contendo
1494 2258 1551 2320 nisi
1573 2259 1655 2322 hanc

430 2363 617 2425 memoriam
641 2386 683 2427 ex
707 2365 867 2429 tabulis
890 2364 1196 2428 Alexandrinis
1219 2367 1464 2447 depromptam:
1494 2361 1654 2443 Αἰσχύλος

430 2459 624 2550 ὁτραγικδς
646 2475 732 2550 γένει
763 2475 825 2551 μέν
855 2472 948 2534 ἐστιν
976 2468 1171 2554 Ἀθηναῖος,
1199 2467 1403 2541 Ἐλευσίνιος
1434 2473 1501 2533 τῶν
1532 2466 1654 2551 δήμων,

431 2568 502 2644 υίὸς
519 2569 750 2662 Εὐφορίωνος,
774 2581 974 2663 Κυνεγείρου
991 2575 1151 2658 άδελῳός,
1176 2577 1211 2650 ἐξ
1226 2573 1437 2662 εὐπατριδῶν
1457 2573 1517 2658 τὴν
1540 2572 1652 2656 φύσιν.

436 2678 657 2764 συνεχρόνιγσε
682 2682 718 2744 δὲ
735 2681 890 2768 Πινδάρῳ
912 2681 1051 2765 γεγονώς
1075 2681 1161 2747 κατά
1184 2681 1246 2766 τὴν
1268 2681 1316 2765 ξγ’
1344 2679 1551 2764 ὀλυμπιάδα.
1576 2681 1654 2752 ἐβίω

433 2784 468 2847 δὲ
486 2786 541 2869 ἔτι]
565 2784 629 2868 ξγ’,
654 2788 690 2851 ἐν
714 2780 764 2859 οἷς
788 2789 948 2872 ἐποίησεν
965 2789 1120 2876 δράματα
1138 2787 1163 2853 o‘
1184 2793 1240 2852 καί
1257 2791 1315 2852 ἐπί
1337 2786 1468 2861 τούτοις
1492 2784 1654 2873 σατυρικὰ

431 2889 495 2971 κγ’,
519 2890 573 2975 fy'
600 2891 643 2957 τά
668 2891 795 2958 πάντα.
829 2901 921 2968 νίκας
946 2897 982 2959 δὲ
1005 2895 1067 2969 τάς
1090 2894 1204 2968 πάσας
1228 2895 1345 2980 alippa
1370 2894 1428 2979 ιγ’,
1462 2891 1520 2960 οὐκ
1545 2890 1655 2976 ὐλίγας

432 2997 467 3060 δὲ
491 2997 577 3080 μετά
601 2999 756 3065 τελευτίν
780 3007 875 3075 νίκας
898 3000 1118 3086 άπηνέγκατο.

522 3108 595 3170 Hoc
611 3110 704 3190 igitur
725 3112 906 3194 antiquioris
923 3113 1086 3174 doctrinae
1101 3113 1327 3194 grammaticae
1350 3111 1509 3193 specimen
1532 3110 1657 3173 scholiis

431 3213 503 3276 hinc
526 3214 608 3277 illinc
630 3216 788 3298 decerptis
819 3218 1020 3289 exornabant
1043 3227 1075 3280 et
1106 3217 1361 3300 amplificabant,
1392 3238 1474 3298 quae
1503 3237 1583 3280 mox
1615 3237 1656 3278 ex

432 3322 574 3401 margine
605 3324 728 3385 adscita
759 3344 831 3386 cum
862 3325 1045 3407 interposita
1068 3333 1136 3388 tum
1160 3325 1323 3406 supposita
1345 3334 1425 3387 sunt
1471 3325 1522 3386 De
1544 3322 1657 3385 harum

432 3436 539 3489 autem
563 3429 697 3509 partium
723 3428 861 3492 lontibus
885 3451 980 3492 unam
997 3440 1083 3493 certe
1105 3431 1136 3492 in
1159 3431 1227 3512 ipsa
1249 3431 1313 3493 vita
1336 3430 1491 3492 habemus
1513 3430 1657 3492 notitiam

432 3533 537 3596 verbis
562 3532 597 3593 ἐκ
620 3537 677 3615 τῆς
699 3537 861 3616 μουσικῆς
878 3535 1031 3619 ἱστορίας
1055 3537 1177 3600 additis.
1218 3536 1309 3600 Haec
1324 3537 1487 3599 Mediceus
1510 3537 1658 3598 continua

432 3640 586 3721 scriptura
609 3641 741 3704 exhibet
765 3643 846 3704 inter
861 3642 960 3706 verba
980 3644 1088 3722 φασίν
1111 3635 1177 3704 ὑπὸ
1190 3635 1337 3725 Ἱέρωνος
1358 3637 1550 3714 ἀξιωθέντα
1574 3636 1657 3701 ἀνα-

433 3740 570 3817 διδάξαι
593 3741 671 3817 τούς
688 3750 817 3831 Πέρσας
841 3747 877 3808 ἐν
896 3745 1029 3826 Σικελίᾳ
1049 3750 1107 3809 καί
1122 3745 1198 3810 λίαν
1221 3743 1415 3828 εὐδοκιμεῖν
1438 3759 1469 3811 et
1492 3749 1657 3830 insequen-

362 3874 369 3924 ,⁴
433 3861 498 3914 tem
523 3853 564 3914 de
580 3853 844 3917 Prometheorum
869 3856 1012 3936 personis
1036 3857 1293 3931 adnotationem
1320 3853 1578 3937 apographorum
1599 3853 1659 3916 alia

432 3957 489 4020 illis
512 3958 675 4035 subiciunt,
700 3959 759 4024 alia
780 3959 852 4026 huic
875 3963 962 4042 quasi
986 3961 1142 4024 rubricam
1165 3962 1345 4024 inscribunt.
1383 3964 1528 4042 Itemque
1549 3969 1660 4024 nostra

433 4074 538 4127 aetate
569 4086 639 4127 cum
678 4076 770 4128 antea
806 4076 837 4128 et
875 4067 924 4130 alii
956 4077 988 4131 et
1016 4067 1156 4130 Naekius
1195 4069 1237 4130 ad
1268 4065 1461 4130 Siciliensem
1491 4066 1658 4129 Persarum

433 4171 591 4234 actionem
612 4174 768 4254 pertinere
783 4175 930 4256 suspicati
954 4183 1066 4249 essent,
1090 4176 1151 4236 iam
1176 4195 1248 4236 cum
1272 4176 1341 4256 ipso
1365 4172 1497 4246 Naekio‚
1521 4170 1559 4235 G.
1575 4171 1657 4234 Her-

433 4297 567 4352 mann0,
599 4278 768 4341 Dindorfio
800 4280 864 4342 aliis
896 4301 1008 4342 omnes
1040 4301 1082 4341 ex
1107 4280 1226 4343 musica
1252 4281 1311 4341 ista
1334 4279 1464 4342 historia
1490 4278 1660 4360 desumpta

434 4403 503 4446 esse
526 4393 639 4465 putant
669 4385 782 4447 verba:
817 4381 917 4473 τούτῳ
951 4386 1006 4446 καί
1038 4381 1177 4470 ἄριστος
1208 4383 1256 4456 είς
1283 4383 1474 4468 τραγῳδίαν
1497 4379 1659 4460 Αίσχύλος

434 4492 600 4572 κρίνεται,
632 4483 681 4551 ὅτι
706 4487 834 4570 είσάγει
866 4486 1038 4574 πρόσωπα
1061 4487 1271 4571 μεγάλακαὶ
1296 4486 1464 4576 ἀξιόχρεα.
1490 4493 1547 4551 καί
1569 4511 1660 4560 τινες

433 4590 494 4676 ἤδη
517 4598 584 4656 τῶν
604 4596 797 4682 τραγῳδιῶν
814 4592 902 4678 αὐτῷ
930 4593 986 4658 διά
1011 4593 1124 4677 μόνων
1149 4596 1405 4678 οίκονομοῦνται
1421 4597 1526 4670 θεῶν,
1549 4591 1659 4656 καθά-

434 4721 500 4784 περ
524 4698 557 4763 οί
580 4705 784 4785 Προμηθεῖς.
816 4699 858 4763 τά
884 4699 946 4788 γάρ
972 4700 1129 4786 δράματα
1162 4700 1417 4787 συμπληροῦσιν
1449 4701 1481 4764 ol
1512 4697 1658 4784 πρεσβύ·

433 4829 528 4868 τατοι
551 4811 617 4870 τῶν
633 4810 736 4883 θεῶν,
761 4811 817 4869 καί
840 4808 910 4871 ’ἐστι
934 4805 976 4869 τά
994 4805 1065 4870 άπὸ
1091 4813 1148 4891 τῆς
1171 4812 1290 4892 σκηνῆς
1314 4810 1372 4869 καί
1394 4811 1452 4889 τῆς
1475 4802 1659 4892 ὐρχίγστρας
