3706 5876
687 568 905 630 ...27-

180 753 289 806 autem
318 753 350 808 et
373 744 457 806 illam
488 744 520 806 id
544 753 611 806 erat
640 744 835 820 discriminis,
866 746 954 826 quod
985 747 1027 807 de
1050 747 1268 827 magistratum
1296 745 1413 806 inituris

180 851 288 912 statim
312 851 342 911 in
366 852 479 913 iudicio
503 871 640 912 examen
663 849 761 912 fiebat
777 887 820 896 -
836 852 893 913 nisi
915 851 1002 932 quod
1026 872 1144 913 novem
1167 852 1356 914 archontum
1380 859 1413 912 et

180 977 375 1019 assessorum
398 957 547 1039 probatio
578 967 611 1019 et
641 957 671 1018 in
695 965 806 1018 senatu
830 965 861 1019 et
885 959 915 1018 in
938 957 1052 1019 iudicio
1080 958 1236 1038 agebatur
1253 984 1310 1019 -:
1345 978 1410 1019 ma-

179 1064 313 1144 gistratu
348 1063 502 1144 perfuncti
536 1064 621 1144 prius
657 1063 826 1144 separatim
858 1064 1120 1126 examinabantur
1152 1065 1237 1146 apud
1273 1063 1412 1144 logistaS,

179 1170 298 1232 deinde
313 1171 343 1232 in
359 1171 506 1232 iudicium
523 1163 737 1232 mittebantur.
770 1169 882 1251 Neque
898 1171 981 1232 enim
998 1180 1178 1252 opportune
1193 1170 1259 1232 fieri
1274 1179 1411 1252 poterat,

179 1285 215 1338 ut
246 1268 330 1357 quae
359 1275 504 1358 longiore
534 1277 734 1357 expositione
772 1277 926 1358 variisque
958 1297 1017 1356 pro
1049 1275 1223 1339 officiorum
1258 1278 1411 1339 varietate

178 1382 421 1464 probationibus
444 1392 476 1444 et
500 1383 699 1445 documentis
723 1381 874 1463 egebant,
904 1384 935 1444 in
964 1404 1002 1446 ea
1024 1382 1158 1464 logistae
1185 1383 1329 1465 imparati
1352 1404 1409 1444 ex-

179 1489 302 1571 templo
326 1491 411 1571 apud
433 1490 551 1552 iudices
575 1490 774 1569 inquirerent.

270 1594 485 1657 Praecedebat
501 1596 595 1678 igitur
610 1596 879 1677 compendiariam
896 1595 1032 1658 iudicum
1050 1597 1160 1679 κρίσιν
1176 1595 1410 1677 compendiaria

178 1710 211 1762 et
234 1702 302 1784 ipsa
324 1701 509 1781 logistarum
534 1696 728 1784 duduptoic:
762 1721 821 1764 nec
850 1702 926 1764 satis
956 1712 1024 1764 erat
1048 1703 1242 1783 magistratui
1272 1703 1409 1764 rationes

177 1806 311 1887 scriptas
334 1805 490 1868 rettulisse
513 1807 555 1868 ad
579 1805 709 1886 logistas
723 1811 754 1882 ¹),
785 1827 895 1870 verum
928 1817 1128 1889 praesentem
1157 1806 1215 1869 illis
1238 1810 1280 1870 de
1304 1829 1408 1870 rerum

177 1912 449 1975 administratione
476 1913 699 1993 quaerentibus
722 1914 916 1994 respondere
939 1914 1118 1994 oportebat.
1164 1915 1201 1975 ld
1224 1915 1327 1996 ipsum
1351 1935 1407 1976 ex-

176 2018 270 2099 primi
297 2020 421 2081 videtur
443 2017 626 2081 Aristotelis
649 2019 754 2081 verbis
777 2014 863 2108 παρ’
888 2010 939 2088 οῖς
968 2016 1266 2098 διαλογίζονται
1294 2022 1408 2081 πᾶσαι

177 2123 215 2186 αί
240 2120 345 2208 ἀρχαί
367 2120 410 2185 τά
434 2147 471 2185 τε
495 2120 654 2204 λήμματα
678 2125 735 2184 καί
758 2121 819 2194 τοὶς
842 2127 1056 2206 γεγενημένας
1081 2121 1290 2203 δαπάναςλμ
1322 2128 1407 2190 idem

269 2302 293 2367 1)
313 2302 436 2365 Legitima
461 2302 493 2350 de
517 2318 546 2350 ea
570 2317 596 2350 re
619 2301 725 2350 formula
750 2308 786 2351 est
808 2297 913 2370 λόγον
941 2302 998 2354 καὶ
1023 2298 1179 2360 εὐθύνας
1210 2299 1409 2376 ἐγγράφειν

174 2386 261 2463 πρὸς
279 2386 359 2448 τοὺς
376 2381 548 2460 λογιστάς.
568 2391 660 2441 Aesch.
674 2389 698 2453 3,
713 2389 748 2443 20
762 2420 797 2462 ··.
808 2389 875 2465 πρὸς
893 2386 942 2444 τὸν
959 2391 1126 2463 γραμματέα
1146 2391 1192 2443 καί
1211 2389 1272 2450 τούς
1283 2389 1409 2460 λογιστάς

173 2481 208 2532 ib.
230 2481 273 2546 15,
298 2481 341 2530 ubi
364 2481 460 2530 scribae
483 2482 576 2530 mentio
602 2498 681 2546 neque
704 2482 737 2530 ad
763 2478 980 2550 ἐπιχειροτονίαν
1003 2483 1045 2546 (cs.
1065 2481 1121 2545 Lys.
1141 2480 1190 2542 31,
1210 2481 1236 2547 5)
1256 2497 1333 2545 neque
1352 2497 1408 2530 cum

175 2571 352 2620 Schoernanno
378 2586 462 2635 opusc.
480 2571 492 2618 I
512 2568 564 2622 300
584 2572 617 2620 ad
642 2573 854 2636 contrascriptoris
873 2565 1082 2643 (ἀντιγραφέως)
1102 2572 1254 2632 relationem,
1273 2587 1357 2619 verum
1376 2571 1409 2618 ad

174 2659 337 2708 tabularii
356 2659 483 2724 publici
510 2660 649 2709 custodiam
672 2660 825 2709 referendum
844 2668 879 2709 est
899 2661 941 2726 (cf.
961 2660 1132 2724 inscriptiones
1151 2661 1234 2708 statim
1253 2660 1364 2708 citandas
1383 2664 1408 2708 et

172 2765 247 2813 supra
266 2766 291 2814 p.
313 2747 345 2799 14
364 2764 387 2797 ιι.
407 2745 444 2809 4).
481 2749 582 2797 Brevius
606 2749 695 2797 dicitur
722 2744 828 2818 λόγον
852 2749 910 2800 καὶ
935 2745 1089 2806 εὐθύνας
1114 2748 1238 2800 δούναι
1256 2747 1302 2811 τῆς
1321 2743 1408 2820 ἀρχῆς

171 2839 265 2890 Aesch.
284 2833 313 2898 3,
341 2835 381 2891 11.
406 2835 448 2888 12.
468 2834 510 2889 24.
530 2836 577 2894 al.;
608 2833 710 2906 λόγον
740 2853 760 2890 s.
784 2831 908 2906 λόγους
938 2833 1136 2889 ἀποδοῦναι
1166 2854 1186 2890 s.
1211 2833 1407 2909 ἀποφέρειν

171 2923 240 2998 πρός
260 2921 320 2983 τούς
337 2921 463 2994 λογιστάς
480 2926 515 2976 ib.
533 2924 576 2987 21,
594 2924 642 2982 22;
664 2921 818 2983 εὐθύνας
837 2919 958 2978 δοῦναι
977 2927 1034 2990 Lys.
1049 2924 1092 2988 30,
1106 2925 1131 2979 4.
1151 2925 1176 2980 5.
1196 2927 1254 2976 CIA
1273 2927 1285 2974 I
1305 2924 1339 2977 ‘29
1359 2931 1406 2978 etc.

172 3016 214 3077 (cf.
241 3015 299 3063 CIA
323 3015 335 3062 I
360 3014 394 3067 32
425 3014 472 3066 καὶ
502 3011 608 3083 λόγον
645 3011 815 3067 διδόντων
845 3013 902 3066 τοῖν
929 3033 957 3067 τε
988 3007 1077 3068 ὄντων
1105 3011 1256 3086 χρημάτων
1280 3014 1326 3066 καὶ
1351 3015 1407 3067 τῶν

171 3101 343 3178 προσιόντων
373 3109 428 3161 τοῖς
457 3108 532 3161 θεοῖς
562 3104 609 3155 καὶ
639 3100 689 3156 ε’ἀν
713 3123 739 3156 τι
763 3099 983 3167 ἀπαναλίσκηται
1011 3099 1080 3155 κατά
1104 3100 1152 3155 τόν
1182 3099 1310 3155 ἐνιαυτόν
1340 3099 1408 3176 πρός

172 3190 233 3251 τούς
258 3188 384 3262 λογιστάς
409 3192 468 3243 καὶ
498 3187 653 3250 εὐθύνας
684 3187 868 3251 διδόντων,
899 3192 945 3244 καὶ
970 3189 999 3244 ἐκ
1027 3191 1236 3255 Παναθηναίων
1258 3188 1284 3249 ές
1309 3195 1405 3244 Πανα-

172 3279 277 3346 θήναια
303 3277 470 3350 τόλλόγον
495 3276 743 3333 διδόντων..,·
763 3282 788 3329 in
807 3281 881 3330 titulis
900 3282 995 3330 duobus
1016 3280 1149 3352 Φιλίστωρ
1168 3281 1192 3328 Il
1211 3279 1267 3332 132.
1286 3279 1404 3332 11115οι

173 3371 219 3424 καὶ
238 3370 300 3442 περὶ
319 3365 453 3422 ἁπάντων
472 3359 512 3420 ὧν
532 3366 707 3437 ιρκονόμηκεν
726 3364 952 3438 ἀπενήνοχεν
970 3366 1095 3439 λόγους
1119 3367 1170 3426 είς
1188 3364 1223 3421 τό
1244 3368 1407 3440 μητρῷον

171 3455 338 3531 καὶπρὸς
368 3453 447 3516 τούς
472 3453 638 3527 λογιστάς
668 3457 724 3509 καὶ
753 3454 812 3516 τοὶς
839 3454 993 3516 εὐθύνας
1021 3456 1164 3511 ἔδωκεν·
1190 3459 1244 3510 sim.
1271 3457 1302 3506 de
1325 3459 1407 3506 scriba

171 3549 272 3612 collegii
302 3547 450 3600 θιασωτιῦν
472 3549 497 3596 in
522 3549 680 3612 inscriptione
704 3549 774 3598 arch.
797 3550 860 3598 Ana.
882 3545 950 3599 1865
974 3565 999 3611 p.
1020 3545 1070 3599 109
1102 3545 1159 3597 καὶ
1188 3541 1266 3604 τούς
1289 3545 1405 3615 λογισ-

141 3645 144 3650 “
171 3633 257 3706 μούς
280 3631 458 3690 ἀπέδωκεν
483 3631 577 3708 ὀρθῶς
601 3635 648 3686 καὶ
667 3636 777 3694 δικαίως
801 3635 858 3687 καὶ
888 3630 1044 3692 εὐθύνας
1075 3633 1223 3699 ἔδωκεν).
1263 3636 1290 3684 ln
1316 3637 1406 3699 L'ysiae

171 3736 233 3777 orat.
260 3727 317 3778 adv.
343 3726 526 3774 Nicomachum
547 3726 562 3787 ξ
582 3723 598 3777 5
624 3726 683 3774 olim
716 3726 812 3774 conieci
836 3731 859 3773 et
883 3725 989 3789 probavi
1012 3724 1148 3773 editoribus
1173 3724 1330 3774 scribendum
1354 3741 1406 3774 esse

171 3811 231 3868 ἀλλ’
253 3811 280 3866 οἱ
297 3813 351 3882 μὲν
369 3806 444 3866 ἄλλοι
463 3813 509 3878 τῆς
535 3810 627 3867 αὐτῶν
652 3808 738 3885 ἀρχῆς
760 3809 829 3865 κατά
855 3813 1024 3885 πρυτανείαν
1054 3808 1161 3881 λόγον
1186 3807 1405 3884 ἀποφέρουσι

173 3903 229 3972 (pro
250 3899 446 3975 ἀναφέρουσαν
468 3904 534 3952 idem
554 3904 726 3966 corrigendum
747 3903 771 3950 in
791 3902 870 3952 lexico
890 3902 1009 3951 Cantabr.
1030 3919 1054 3966 p.
1069 3899 1120 3952 332
1139 3901 1237 3957 Nauck,
1256 3918 1278 3952 v.
1293 3896 1405 3970 ἀλογίου

171 3993 246 4056 δίκη·
271 3986 340 4044 ὅταν
363 3986 532 4061 τινὲς-μὴ
558 3981 625 4044 οἷσιν
648 3987 710 4048 τούς
735 3985 830 4059 λόγους
855 3984 1080 4058 ἀπενηνοχότες
1106 3984 1316 4057 (ἀνενηνογότες
1337 3992 1406 4052 cod.)

171 4086 228 4140 τοῖς
253 4080 401 4138 δικασταῖς.
439 4081 471 4132 cs.
490 4089 587 4144 praeter
612 4081 693 4129 titulos
720 4081 781 4128 duos
806 4080 883 4128 modo
914 4080 1002 4128 citatos
1027 4079 1117 4129 Aesch.
1136 4075 1161 4139 3,
1182 4076 1215 4128 22
1239 4077 1285 4129 καὶ
1309 4077 1406 4130 τοῦτον

171 4166 324 4243 ἀποφέρειν
336 4165 436 4222 κελεύει
455 4167 539 4238 λόγον
551 4166 619 4242 πρός
632 4165 695 4226 τούς
707 4163 848 4237 λογιστάς·
868 4166 914 4219 καὶ
933 4166 992 4224 πῶς
1004 4195 1038 4203 -
1052 4162 1161 4218 ἀποίσει
1172 4162 1253 4235 λόγον
1268 4165 1301 4234 τῇ
1315 4164 1390 4218 πόλει
1396 4185 1406 4227 ,·

170 4262 230 4309 Lex.
252 4260 329 4311 Beklr.
349 4277 374 4323 p.
391 4257 442 4310 276
462 4257 585 4326 λογισταί
598 4287 630 4294 -
645 4254 692 4327 ἐφ’
715 4247 755 4309 ὦν
773 4254 857 4326 λόγον
875 4252 1017 4328 ἀπέφερον
1036 4253 1092 4307 τῶν
1111 4255 1293 4325 διῳκημένων.
1332 4256 1406 4306 Dem.

170 4347 214 4411 27,
234 4347 279 4410 20,
298 4347 341 4400 31.
353 4376 386 4385 -
401 4348 441 4396 De
461 4348 557 4396 diversa
576 4348 677 4398 notione
696 4348 881 4396 coniunctorum
901 4345 1077 4396 vocabulorum
1095 4340 1184 4413 λόγος,
1203 4335 1321 4395 εὐθυνιιι
1340 4350 1405 4392 recte

172 4437 313 4487 Boeckbius
343 4438 528 4488 iudicat-mus.
554 4437 622 4488 rh.I
646 4433 689 4486 73.
716 4436 859 4487 Staatsh.l
884 4433 974 4492 20803
1005 4439 1069 4483 errat
1094 4434 1172 4482 Meier
1199 4433 1246 4496 srg.
1271 4433 1318 4484 lex.
1343 4434 1404 4483 rhet.

169 4545 195 4592 p.
216 4527 303 4576 XXIII
321 4543 345 4577 n.
359 4553 391 4562 -
413 4527 528 4576 Ceterum
553 4527 584 4574 de
609 4525 707 4574 actione
732 4526 854 4576 rationum
880 4524 1060 4574 reddendarum
1087 4522 1191 4586 simplex
1215 4537 1264 4569 vox
1283 4514 1402 4574 εὐθυναι

172 4617 240 4678 (raro
260 4607 376 4673 εὐθύνοι,
395 4621 421 4664 ut
439 4613 569 4676 Aesch.3,
584 4612 626 4666 17.
657 4615 715 4678 Lys.
730 4613 773 4681 25,
787 4611 830 4667 30.
853 4612 893 4676 10,
907 4612 950 4675 27,
969 4613 1012 4661 ubi
1031 4627 1094 4662 corr.
1114 4602 1255 4662 εύθυναν
1274 4609 1402 4686 cf.11,9)

170 4705 225 4756 sola
245 4708 386 4768 usurpatur:
408 4721 485 4768 eaque
504 4704 606 4753 omnino
626 4704 651 4752 in
669 4719 712 4752 usu
732 4705 858 4753 communi
877 4710 920 4754 est.

261 4791 288 4858 2)
308 4792 340 4846 cf.
359 4793 432 4844 Dem.
452 4790 497 4855 36,
510 4790 553 4846 00.
574 4791 618 4859 52,
626 4780 656 4846 3.
675 4792 804 4842 Notandus
824 4788 1000 4860 διαλογισμός
1019 4792 1042 4839 in
1062 4789 1170 4854 Aegypti
1189 4787 1401 4837 adminiStratione
