3706 5876
186 749 468 836 λογιστηρίοις
491 746 563 814 ὑπὸ
585 755 663 813 τῶν
686 746 867 814 εὐθύνων
890 753 947 812 καὶ
969 748 1000 833 (ἢ
1017 755 1124 832 codd.)
1140 756 1208 816 τῶν
1224 755 1414 840 παρέδρων,

186 855 211 942 ἢ
234 854 336 940 μήπω
365 857 556 940 εἰσηγμέναι
579 857 627 929 είς
649 853 687 921 τό
722 854 934 943 δικαστήριον
964 863 1094 942 γραφαί
1121 864 1208 931 τινές
1236 859 1304 924 είσι
1334 865 1415 948 περὶ

186 969 253 1028 τῶν
280 960 454 1029 sodomia:
496 967 609 1048 quibus
653 975 832 1048 opportune
875 966 1053 1028 Boeckhius
1090 970 1286 1050 comparavit
1324 989 1414 1052 prae·

187 1075 339 1155 scripturn
367 1074 397 1134 in
425 1073 516 1135 titulo
548 1093 575 1136 a.
605 1071 656 1135 Ol.
690 1069 863 1156 113,4s325
896 1073 999 1146 (inser.
1030 1093 1087 1135 rer.
1119 1095 1188 1137 nav.
1219 1075 1328 1138 XIVb
1360 1076 1414 1160 6):

189 1176 252 1240 ἐάν
288 1177 322 1240 δέ
360 1199 410 1249 τις
449 1174 492 1260 μή
522 1175 631 1265 ποήση
667 1169 719 1249 οἷς
749 1175 875 1239 ἕκαστα
914 1182 1180 1262 προστέτακται,
1214 1177 1232 1262 ἢ
1262 1176 1416 1266 δίρχωνῆ

190 1281 357 1372 [ί]διι’πης,
381 1282 469 1346 κατά
491 1281 569 1346 τόδε
593 1281 631 1346 τό
653 1281 827 1371 ψήφισμα,
852 1279 1015 1364 ὀφειλέτω
1040 1281 1121 1366 όμη
1142 1284 1273 1367 ποήσας
1295 1292 1419 1372 μυρίας

191 1389 341 1477 δραχμάς
381 1387 474 1474 ίεράς
510 1393 549 1482 τῇ
584 1387 716 1472 Ἀθηνᾷ,
757 1393 814 1452 καί
853 1385 870 1453 ό
901 1387 1044 1461 εόδυνος
1086 1394 1143 1453 καί
1180 1393 1213 1455 σί
1251 1391 1419 1478 πάρεδροι

191 1495 415 1576 ἐπάναγκες
440 1493 568 1560 αὐτῶν
592 1495 1037 1579 καταγιγνωσκόντων
1052 1493 1070 1580 ἢ
1087 1494 1185 1562 αὐτοὶ
1202 1493 1418 1580 ὀφειλόντων.

189 1607 259 1670 Iam
283 1616 315 1669 et
331 1627 374 1667 ex
394 1608 463 1689 ipso
486 1608 611 1669 dicendi
633 1625 751 1686 genere
773 1602 1051 1686 καταγιγνώσκειν
1073 1603 1161 1677 τινὸς
1184 1601 1340 1682 εὐθύνας,
1363 1609 1421 1670 ie.

189 1715 382 1796 praeiudicio
421 1715 624 1795 pronuntiare
654 1723 764 1776 contra
802 1712 937 1794 aliquem
970 1714 1011 1776 de
1038 1715 1161 1777 ratione
1191 1716 1316 1777 reddita
1328 1716 1358 1794 ¹),
1389 1725 1422 1778 et

191 1841 235 1882 ex
274 1820 374 1884 multa
411 1821 560 1902 imposita
597 1819 757 1899 euthyn0‚
795 1818 826 1880 ni
865 1840 953 1882 reum
995 1829 1070 1901 agat
1108 1821 1328 1901 magistratum
1367 1830 1422 1884 aut

192 1926 399 1990 trierarchum
431 1927 628 2000 debitorem,
659 1927 889 1988 consectarium
928 1925 972 2001 fit,
1011 1946 1082 1988 curn
1122 1948 1172 1990 res
1211 1929 1253 1990 ad
1290 1926 1422 2008 logistas

193 2035 312 2108 redeat,
336 2034 526 2096 accusatoris
549 2043 655 2114 partes
674 2033 851 2094 necessario
875 2032 969 2094 tribui
985 2032 1137 2112 euthyno.
1175 2034 1260 2096 Nam
1285 2035 1368 2097 actio
1391 2034 1423 2095 in

193 2141 259 2202 iure
282 2159 365 2221 quae
396 2141 470 2203 inde
500 2139 541 2202 de
565 2139 749 2220 magistratu
778 2137 937 2220 appellato
961 2140 1047 2221 apud
1069 2135 1201 2220 logistas
1233 2141 1423 2203 instituenda

195 2256 270 2322 erat,
294 2247 385 2308 sicuti
407 2267 496 2309 reum
519 2247 563 2309 ita
586 2256 726 2308 actorem
751 2245 933 2326 flagitabat:
960 2255 1051 2308 actor
1073 2255 1180 2309 autem
1204 2247 1289 2309 solus
1313 2249 1424 2310 aderat

197 2354 283 2416 cuius
306 2354 422 2415 indicio
446 2362 479 2415 et
502 2352 688 2415 auctoritate
716 2353 784 2432 ipsa
808 2371 902 2414 causa
924 2351 1083 2414 nitebatur
1112 2352 1278 2434 euthynus
1326 2352 1424 2435 Quod

198 2461 293 2523 etiam
322 2461 423 2541 magis
453 2459 538 2522 valet
566 2461 607 2522 de
631 2461 754 2522 actione
781 2458 822 2519 ad
845 2459 963 2520 iudices
986 2457 1136 2521 heliastas
1158 2460 1422 2540 transmittenda:

198 2576 233 2629 ut
255 2568 286 2628 in
310 2567 456 2630 iudicium
479 2565 614 2648 logistae
637 2566 795 2628 adducere
823 2584 912 2626 reum
941 2566 1143 2628 existimandi
1170 2567 1247 2642 sint,
1278 2586 1426 2628 accusare

200 2672 337 2753 euthyni.
378 2673 533 2735 Nimirum
557 2672 611 2735 tali
627 2674 757 2735 demum
781 2669 956 2733 officiorum
973 2670 1174 2754 discriptione
1186 2672 1367 2736 -cavebatur
1382 2707 1427 2718 -

291 2867 315 2933 l)
336 2868 368 2916 de
385 2869 434 2916 hac
452 2868 554 2916 notione
571 2884 625 2916 voc.
640 2863 875 2937 καταγιγνώσκειν
894 2867 928 2916 ad
946 2868 1102 2931 magistratus
1121 2867 1299 2932 praeiudicium
1311 2883 1357 2918 nec
1369 2883 1428 2917 vero

202 2957 235 3005 ad
253 2957 397 3006 sententiam
415 2956 503 3005 iudicis
522 2956 649 3006 reserenda
668 2958 698 3008 ci.
718 2958 821 3007 Boeckh
836 2958 853 3009 1.
873 2973 895 3008 c.
915 2957 1010 3006 Heffler
1029 2957 1111 3008 athen.
1134 2955 1313 3021 Gerichtsvers.
1333 2973 1357 3021 p.
1376 2954 1428 3008 377

200 3061 226 3096 n.
245 3041 286 3096 28.
329 3045 444 3094 Ceterum
474 3045 541 3093 idem
571 3046 653 3094 subest
682 3046 810 3096 Platonico
841 3052 975 3110 praecepto
1007 3045 1039 3093 de
1062 3045 1129 3109 legg,
1154 3046 1202 3094 XII
1226 3043 1279 3098 945
1292 3047 1315 3094 Α
1345 3041 1429 3116 τούτῳ

201 3129 268 3203 μήτ’
290 3123 339 3185 οὖν
358 3152 397 3192 τις
409 3129 557 3206 στρατηγὸς
575 3129 636 3204 μήτ’
651 3127 728 3192 ἄλλος
746 3133 810 3187 ποτὲ
830 3133 885 3186 τῶν
904 3129 974 3186 κατά
992 3129 1114 3203 πόλεμον
1132 3129 1277 3205 ἀρχόντων
1296 3129 1331 3192 ὡς
1349 3129 1431 3206 άνδρὶ

202 3219 352 3294 στρατιώτῃ
371 3218 505 3294 χρήσηται
517 3219 584 3291 μηδ’
599 3222 638 3281 είς
654 3220 733 3283 τάξιν
750 3219 887 3294 κατατάξῃ
901 3217 967 3291 μηδ
982 3219 1122 3285 ἡντινοῦν·
1141 3217 1172 3274 εί
1190 3221 1225 3274 δὲ
1243 3219 1291 3292 μή,
1310 3239 1430 3275 κατευ·

202 3307 329 3364 δύνειν
353 3307 460 3364 αὐτοῦ
485 3308 545 3364 τόν
569 3305 737 3371 devm,
762 3306 798 3364 άν
816 3311 870 3382 μὲν
887 3301 905 3382 ᾖ
923 3311 970 3364 τοῦ
989 3310 1119 3381 μεγίστου
1142 3307 1297 3381 τιμήματος
1314 3308 1329 3363 ὁ
1348 3306 1432 3370 τάξας

202 3396 253 3454 τόν
270 3397 366 3460 κακόν,
381 3400 473 3470 χιλίας
490 3401 545 3454 κτλ.
576 3403 614 3450 Ac
633 3402 713 3450 simile
732 3403 791 3466 quid
810 3402 953 3466 praecipere
971 3402 1066 3450 videtur
1084 3400 1249 3464 fragmentum
1267 3400 1434 3464 inscriptionis

203 3491 319 3555 antiquae
338 3491 397 3539 cln
415 3491 427 3538 Ι
446 3487 489 3551 31,
507 3491 550 3539 ubi
569 3491 649 3554 agitur
668 3491 699 3540 de
718 3490 826 3555 pecuniis
846 3491 937 3539 debitis
955 3490 1048 3554 templo
1069 3491 1209 3551 Castorum,
1228 3505 1252 3545 v,
1265 3486 1281 3540 7
1295 3505 1331 3552 sq.

613 3571 731 3637 όστιςδ
755 3575 905 3648 uiritim?

544 3665 611 3734 τοῖν]
628 3662 753 3719 Ἀνάκοιν
773 3662 786 3729 ἢ
806 3664 939 3739 πρότερον

474 3751 708 3827 άναγρ]αφόντων
727 3750 812 3807 αὐτόν
831 3751 858 3807 οἱ
875 3753 958 3826 ί[ερής

385 3849 484 3896 ..τοῖν
500 3840 636 3911 Ἂ]νάκόιν
656 3840 669 3907 ή
690 3836 806 3902 εὔθυνος

542 3929 580 4000 ό]ι
598 3928 728 4005 πάρὲδροι
747 3950 798 3985 κατ

614 4021 660 4074 τοῦ
679 4018 836 4090 ἒπιβατικοῦ
857 4021 907 4086 (vel
924 4015 954 4073 τό
974 4017 1143 4089 ἔπιβατιιιόν)

614 4107 641 4168 ἒς
659 4105 688 4161 τό
711 4106 895 4181 δικαστ[ήριον

201 4205 249 4253 etsi
268 4218 296 4251 ex
316 4203 367 4250 istis
394 4201 499 4250 frustulis
523 4201 558 4249 nil
576 4201 664 4250 certius
683 4201 822 4265 expisceris.
837 4227 872 4236 -
897 4201 926 4247 In
945 4215 971 4249 re
990 4199 1116 4248 simillima
1141 4194 1302 4258 δικάζεσθαι
1326 4197 1439 4245 dicuntur

201 4293 393 4343 Thasiorum
412 4291 512 4356 quidem
532 4289 648 4354 apologi‚
674 4290 717 4353 qui
736 4305 834 4353 prorsus
853 4287 1002 4352 respondere
1019 4288 1204 4336 Atheniensium
1223 4286 1336 4349 euthynis
1353 4285 1438 4335 viden-

200 4391 254 4441 tur,
279 4381 305 4428 in
329 4379 403 4428 titulis
428 4380 577 4428 'inasiorum
603 4379 698 4428 duobus
718 4377 777 4427 ClG
795 4378 820 4426 II
845 4374 931 4428 2161:
957 4375 1004 4427 καὶ
1023 4375 1126 4445 χιλίους
1144 4374 1279 4447 στατῆρας
1308 4369 1439 4443 ὀφειλέτω

200 4464 290 4542 ἱεροὺς
306 4463 449 4520 Ἀπόλλωνι
469 4466 506 4536 τῷ
524 4466 638 4537 Πυθίῳ,
657 4466 759 4536 χιλίους
778 4465 808 4518 δὲ
826 4464 860 4536 τῇ
879 4461 970 4523 πόλει,
996 4461 1176 4517 δικασάσδων
1201 4463 1230 4516 δὲ
1252 4459 1279 4514 οἱ
1296 4456 1456 4531 άπολόγοι·“

200 4555 241 4611 ἂν
265 4557 295 4611 δὲ
318 4554 356 4626 μή
385 4553 561 4615 δικάσωνται,
587 4553 664 4608 αὐτοὶ
689 4551 866 4625 ὀφειλόντων,
898 4549 1077 4607 δικασάσθων
1108 4551 1138 4605 δὲ
1163 4547 1293 4621 άπιλόγοι
1318 4548 1343 4602 οἱ
1367 4551 1439 4620 μετὰ

199 4644 311 4706 τούτους
330 4645 500 4719 αἱρεθέντες·
525 4641 687 4699 δικασάσθω
712 4644 742 4698 δὲ
766 4644 813 4696 καί
832 4643 888 4696 τῶν
907 4636 993 4694 ἄλλων
1018 4639 1031 4694 ό
1052 4642 1154 4701 θέλων,
1177 4640 1225 4693 καὶ
1243 4635 1279 4692 άν
1300 4636 1313 4692 ό
1335 4636 1441 4704 ἰδιώτης

200 4732 314 4807 νικήση,
339 4740 463 4806 μετεῖναι
488 4730 562 4804 αὐτῷ
587 4729 616 4786 τό
644 4729 727 4803 ήμισυ
746 4732 793 4797 τής
818 4732 978 4795 καταδίκης·
1004 4739 1027 4781 et
1052 4733 1077 4782 in
1096 4731 1191 4780 Herma
1210 4730 1291 4784 Berol.
1310 4729 1347 4778 111
1370 4727 1438 4782 237:

200 4821 363 4887 δικάζεσθαι
383 4824 411 4877 δὲ
432 4820 493 4882 τοός
512 4819 663 4893 ἀπολόγους
682 4817 697 4887 ή
716 4818 813 4881 αὐτοὺς
831 4819 947 4891 ὀφείλει.
