3706 5876
680 577 898 639 „51-

178 753 337 829 tinuitate,
360 752 485 835 qualem
502 753 593 817 certis
617 754 771 835 exemplis
788 755 882 817 etiam
905 764 1036 837 postero
1059 764 1206 837 tempore
1227 753 1400 817 adhibitam

180 880 251 922 esse
267 869 402 936 constat,
419 881 548 924 omnem
564 861 664 923 iudicii
680 862 742 923 vim
761 871 793 924 et
808 863 1062 943 perspicuitatem
1078 862 1145 924 tolli
1161 863 1402 937 contenderetis,

182 964 354 1030 Kolsterus
376 969 534 1050 opposuit,
557 969 645 1050 quod
668 969 727 1031 ioci
752 989 846 1031 causa
868 968 981 1032 affero:
1006 964 1090 1030 ‘und
1108 968 1188 1030 doch
1211 969 1253 1030 ist
1272 969 1318 1030 sie
1335 990 1405 1050 gar

177 1073 282 1136 nichts
296 1075 424 1151 anders,
440 1077 492 1138 als
501 1096 572 1138 was
585 1076 619 1137 in
626 1075 738 1157 jedem
746 1075 893 1138 Examen
903 1075 1077 1155 geschicht,
1094 1097 1147 1138 um
1162 1075 1213 1137 ein
1225 1074 1400 1138 Gesammt-

177 1181 298 1244 urtheil
317 1181 396 1243 tiber
417 1181 467 1243 die
491 1183 681 1263 ch'strmgen
706 1182 761 1244 des
778 1182 1026 1245 Examinanden
1049 1204 1090 1244 zu
1104 1178 1236 1266 finden?
1277 1185 1325 1248 At
1348 1186 1401 1266 qui

177 1309 241 1350 non
265 1290 348 1371 capit
371 1289 454 1353 aliud
479 1311 547 1352 esse
570 1290 611 1352 de
634 1289 854 1372 discipulorum
883 1292 1012 1354 scientia
1034 1292 1180 1353 iudicium
1204 1311 1401 1373 perpensare,

176 1394 260 1459 aliud
284 1398 357 1459 artis
382 1417 461 1478 opus
483 1395 612 1479 aliquod
636 1406 891 1460 consummatum
916 1399 1021 1460 animo
1044 1399 1204 1480 percipere
1221 1435 1262 1443 —
1284 1399 1401 1461 utinam

177 1523 218 1564 ne
241 1523 260 1565 a
283 1524 453 1585 puerorum
477 1504 674 1568 examinibus
706 1504 746 1567 ad
770 1515 938 1587 poetarum
966 1506 1219 1568 aestimationem
1243 1510 1398 1567 transeat!

177 1609 291 1692 Neque
307 1619 415 1674 tamen
430 1612 541 1694 puduit
557 1610 759 1694 Leopoldum
776 1610 986 1674 Schmidtium
1002 1613 1140 1694 ineptam
1157 1612 1248 1674 istam
1264 1611 1402 1675 Kolsteri

178 1718 449 1798 comparationem
470 1728 613 1801 repetere
637 1738 674 1781 ac
696 1717 824 1781 laudare
847 1717 1001 1801 simulque
1016 1739 1088 1781 curn
1112 1739 1151 1780 eo
1175 1719 1323 1781 somniari
1338 1739 1402 1780 non

178 1833 246 1885 tam
270 1825 447 1887 certaminis
469 1826 624 1888 rationem
653 1826 696 1888 ita
726 1835 881 1888 mutatam
906 1845 991 1901 esse,
1019 1846 1114 1906 quam
1138 1826 1289 1887 iudicibus
1312 1845 1400 1906 prae-

178 1940 306 2012 ceptum
329 1931 494 2013 quoddam
511 1933 620 1994 datum
645 1927 737 2009 t‘et'ne
758 1931 953 1993 Instruktnn
967 1933 1033 2011 fiir
1051 1931 1104 1993 die
1118 1927 1290 2008 Rz'clzter'),
1313 1933 1401 2014 quod

179 2057 238 2100 nec
253 2039 285 2100 in
300 2038 405 2101 verbis
421 2039 501 2102 inest
516 2059 575 2102 nec
589 2039 684 2101 rebus
700 2039 901 2120 comprobari
916 2047 1031 2120 potest.
1067 2039 1211 2119 Denique
1227 2038 1402 2115 Kolsterus,

179 2145 232 2225 qui
263 2165 389 2228 semper
418 2147 449 2208 in
476 2167 532 2208 ore
563 2144 662 2209 habet
685 2145 908 2220 Aristotelem,
939 2147 969 2207 in
1001 2145 1061 2208 hac
1088 2147 1155 2228 ipsa
1186 2167 1219 2208 re
1249 2147 1403 2228 respicere

182 2250 293 2314 debuit
316 2253 381 2314 eius
397 2254 604 2316 sententiam:
632 2248 803 2315 δύνασθαι
819 2247 881 2336 γὰρ
903 2250 954 2313 δεῖ
978 2253 1194 2336 σονορασθαι
1217 2248 1276 2333 τὴν
1300 2247 1403 2337 ἀρχὴν

181 2359 238 2418 καλ
262 2353 299 2420 τὸ
322 2355 427 2435 τέλος,
452 2356 503 2441 εἴη
520 2355 597 2421 δίλν
612 2361 711 2421 τοῦτο
735 2357 766 2420 sl
788 2360 856 2420 τῶν
872 2354 1022 2443 ἀρχαίων
1038 2355 1195 2429 ἐλάττους
1219 2356 1255 2419 αλ
1279 2355 1403 2421 συστά-

180 2481 250 2536 σεις
284 2457 370 2541 εἶεν,
402 2461 490 2551 πρὸς
519 2466 554 2528 δὲ
583 2462 621 2528 τὸ
656 2463 791 2547 πλῆθος
820 2464 1063 2550 τραγῳδιῶν
1093 2468 1175 2526 τῶν
1206 2464 1268 2537 είς
1298 2469 1404 2547 μίαν

181 2567 399 2656 ἀκρόασιν
413 2576 514 2636 crde
522 2577 633 2655 μένω
643 2597 662 2634 ν
676 2569 868 2657 παρῆκοιεν.
895 2573 1043 2636 Ceterum
1060 2594 1131 2636 cum
1148 2583 1181 2635 et
1196 2572 1404 2636 aSchmidtio

180 2689 212 2742 et
237 2679 479 2762 aBernhardyo
502 2681 630 2763 aliisque
652 2681 812 2744 laudatam
838 2681 963 2743 videam
980 2679 1120 2742 Kolsteri
1145 2701 1316 2755 censuram,
1340 2700 1404 2742 non

180 2787 245 2849 sine
268 2787 432 2870 voluptate
457 2790 583 2871 percepi
606 2787 787 2850 Vahlenum
811 2808 926 2870 nuper,
954 2807 1026 2850 cum
1050 2787 1153 2850 Tuam
1179 2789 1338 2868 quandam
1362 2788 1403 2848 de

181 2893 354 2957 Aristotele
377 2896 558 2977 opinionem
577 2906 671 2972 recte,
695 2904 832 2977 utputo,
856 2895 1035 2976 corrigeret,
1059 2893 1199 2975 profiteri
1223 2893 1404 2956 melioribus

181 3010 266 3064 certe
296 3003 483 3078 rationibuS,
514 3022 610 3083 quam
638 3002 747 3084 quales
777 3002 827 3064 ille
857 3000 1000 3085 protulit,
1032 3000 1144 3063 librum
1176 3000 1281 3063 Tuum
1313 3002 1402 3063 aesti-

181 3109 334 3170 mandum
358 3130 435 3172 esse.

271 3214 336 3278 Sed
359 3215 477 3280 Suidae
507 3217 595 3280 locus
618 3237 713 3298 quam
741 3217 780 3278 sit
804 3218 1005 3298 desperatus,
1036 3215 1156 3297 optime
1186 3215 1404 3277 demonstrare

180 3332 313 3403 possunt
349 3344 452 3386 novae
482 3324 724 3406 explicationes,
760 3344 838 3404 quas
874 3324 1022 3404 quoniam
1054 3321 1103 3383 Tu
1141 3321 1254 3403 aliique
1284 3331 1404 3384 ceteras

181 3449 292 3492 omnes
315 3429 511 3512 explosistis,
542 3431 598 3493 viri
621 3431 793 3493 doctissimi
819 3433 882 3492 duo
906 3429 1088 3492 Dindorfius
1111 3437 1142 3490 et
1165 3427 1326 3492 Usenerus
1349 3449 1404 3490 ex·

185 3537 370 3617 cogitarunt.
410 3538 461 3599 Ac
476 3537 659 3600 Dindorfius
682 3538 820 3618 quidem,
843 3557 915 3599 cum
937 3538 967 3598 in
991 3538 1034 3598 eis
1057 3556 1137 3618 quae
1160 3544 1306 3597 secuntur
1321 3536 1405 3616 apud

183 3640 314 3706 Suidam
339 3642 527 3730 ἔγραψα...
553 3644 609 3704 καὶ
626 3640 724 3722 λόγον
740 3639 971 3725 καταλογάδην
994 3642 1155 3726 περὶτοῦ
1178 3642 1279 3725 χοροῦ
1308 3636 1405 3724 πρὸς

184 3751 330 3812 θίσιτιν
354 3751 419 3812 καὶ
444 3747 637 3835 Χοιρίλον
662 3745 952 3830 ἀγωνιζόμενος
972 3751 1081 3812 ultima
1095 3749 1199 3812 valere
1223 3770 1287 3811 non
1310 3768 1405 3831 posse

183 3856 362 3937 opinaretur
392 3860 448 3921 nisi
482 3861 522 3921 de
553 3857 720 3940 Thespidis
749 3856 948 3939 Choerilique
979 3849 1101 3939 aequali
1130 3857 1288 3938 quodam,
1327 3854 1407 3916 haec

181 3963 347 4026 manifesto
371 3986 476 4028 errore
500 3964 560 4027 huc
583 3963 668 4027 illata
698 3975 731 4027 et
753 3973 874 4028 temere
896 3985 916 4026 a
938 3963 1037 4027 Suida
1060 3984 1131 4026 cum
1162 3964 1206 4025 eis
1229 3964 1270 4025 de
1293 3961 1406 4043 quibus

181 4069 377 4152 disputamus
399 4072 503 4134 verbis
526 4070 599 4134 loco
622 4081 710 4134 mota
733 4092 803 4133 esse
818 4072 987 4134 contendit.
1026 4071 1093 4132 lam
1110 4090 1182 4132 cum
1204 4067 1405 4149 tetralogiam

181 4197 200 4238 a
223 4177 402 4259 Phrynicho
426 4181 599 4242 institutam
623 4197 692 4240 esse
715 4177 775 4240 sibi
796 4179 1013 4260 persuaderet,
1038 4179 1078 4239 de
1102 4176 1161 4238 hac
1184 4196 1218 4238 re
1240 4175 1313 4238 dicit
1334 4169 1406 4235 ‘nos

183 4284 333 4348 disertum
356 4286 519 4349 habituros
542 4306 612 4348 esse
628 4286 741 4348 veteris
764 4284 961 4366 grammatici
985 4277 1226 4357 testimonium',
1250 4281 1275 4343 si
1290 4280 1406 4344 Suidae

180 4391 278 4453 verba
311 4394 354 4457 sic
385 4393 582 4456 conformata
612 4393 738 4468 (rectius
769 4391 886 4454 dixeris
909 4391 1104 4473 perturbata)
1129 4390 1170 4452 ad
1193 4387 1405 4468 Phrynichum
1496 4393 1519 4408 ⁵

179 4497 440 4563 referanturz....
480 4494 567 4582 πρὸς
600 4501 724 4560 θέσπιν
762 4499 818 4559 καὶ
852 4493 1015 4582 Χοιρίλον
1054 4492 1304 4575 ἀγωνιζόμενος.
1348 4495 1406 4554 καί

180 4601 281 4678 αὐτὸς
312 4595 388 4691 ἦρξε
426 4608 486 4667 τοῦ
524 4600 576 4688 μὴ
617 4603 734 4689 δρᾶμα
765 4599 852 4689 πρὸς
884 4603 998 4689 δρᾶμα
1038 4597 1278 4682 ἀγωνίζεσθαι,
1315 4590 1405 4660 ἄλλα

179 4711 407 4800 τετραλογίαν.
453 4712 520 4776 Sed
552 4722 586 4776 ut
614 4713 753 4788 mittam,
785 4714 809 4774 si
839 4732 898 4774 nec
929 4713 960 4773 id
992 4720 1134 4774 servatur
1170 4709 1259 4792 quod
1287 4708 1406 4783 dicitur,

179 4843 238 4885 nec
260 4824 286 4886 is
310 4824 351 4885 de
374 4842 439 4904 quo
465 4822 584 4897 dicitur,
607 4840 666 4882 nec
689 4821 776 4883 locus
792 4819 845 4881 ubi
866 4819 986 4894 dicitur,
1007 4817 1081 4880 nihil
1102 4817 1208 4880 diserti
1221 4808 1402 4878 ‘disertum'
