3706 5876
705 536 846 690 flu
898 627 936 638 ,.

208 769 381 856 vissimum¹
400 768 500 833 scelus
531 769 703 843 iudicabat,
734 769 758 830 si
789 769 858 849 quis
887 771 963 850 quid
991 767 1111 833 illarum
1142 773 1342 853 pecuniarum
1372 771 1438 836 sive

209 879 412 958 magistratus
443 877 507 938 sive
538 877 677 958 privatus
708 877 869 938 retinuisse
900 888 1139 958 coargueretur:
1175 889 1209 941 ut
1238 882 1347 963 populi
1370 882 1438 944 vice

208 1003 306 1063 agere
336 991 421 1044 recte
449 983 605 1045 diceretur
635 983 689 1064 qui
712 983 753 1044 de
776 983 962 1064 magistratu
990 985 1144 1047 rationem
1167 985 1322 1049 referente
1345 986 1437 1057 officii

208 1109 305 1151 causa
327 1090 562 1171 praeiudicaret.

788 1215 861 1295 85·

300 1357 366 1418 Iam
390 1376 472 1444 quae
495 1356 656 1437 hucusque
681 1357 756 1431 dixi,
780 1358 803 1418 si
820 1358 920 1417 modo
937 1357 1114 1438 probabilia
1129 1360 1261 1434 reddidi,
1286 1362 1327 1422 ad
1343 1360 1437 1421 alium

210 1464 333 1525 nodum
364 1463 601 1544 expediendum
633 1463 718 1525 haud
750 1462 841 1538 levis,
874 1465 1001 1544 opinor,
1031 1467 1185 1527 momenti
1209 1476 1306 1527 erunt.
1354 1467 1437 1527 Nam

209 1571 426 1632 controversia
457 1591 540 1651 quae
571 1570 646 1632 olim
678 1570 897 1632 Hermannum
928 1571 1008 1631 inter
1038 1580 1069 1631 et
1093 1571 1287 1632 Boeckhium
1319 1573 1438 1654 agitata
1517 1631 1518 1634 ,

211 1686 261 1738 est
272 1679 314 1739 de
327 1676 480 1759 logistis
492 1677 721 1739 decemviris
737 1684 773 1738 et
788 1676 1103 1757 trigintavirisme
1116 1699 1198 1739 nunc
1209 1680 1337 1759 quidem
1352 1679 1437 1740 omni

210 1804 254 1844 ex
277 1793 367 1864 parte
390 1785 567 1863 composita
589 1783 721 1845 videtur.
767 1783 855 1844 Nota
878 1803 927 1844 res
951 1793 1011 1859 est,
1043 1786 1084 1844 de
1107 1805 1169 1864 qua
1192 1804 1256 1845 non
1279 1783 1437 1866 proferam

209 1891 269 1952 nisi
277 1911 358 1972 quae
374 1891 404 1952 in
420 1910 487 1952 rem
504 1910 609 1952 meam
618 1889 740 1952 faciant.
764 1888 875 1969 Atque
891 1889 1058 1970 collegium
1075 1891 1237 1970 triginta
1252 1890 1437 1972 logistarum

210 2006 301 2059 extat
325 1999 355 2059 in
380 1994 496 2058 Calliae
527 1999 657 2059 decreto
681 1995 775 2058 a.01.
801 1997 852 2070 86,
877 1995 932 2072 lja
959 2018 984 2057 a.
1004 1995 1038 2060 C.
1062 1990 1163 2079 litfrid
1195 2018 1259 2078 quo
1287 1999 1437 2079 pecuniae

210 2124 319 2166 sacrae
344 2103 470 2166 debitae
502 2105 591 2166 reddi
622 2103 748 2185 templis
771 2103 931 2176 Deorum,
962 2103 1095 2182 logistae
1119 2114 1225 2165 autem
1253 2113 1438 2185 computare

211 2231 266 2272 eas
283 2211 443 2272 iubentur:
463 2205 682 2291 loytoriotlov
699 2208 733 2270 δὲ
752 2205 797 2294 [ol
813 2206 980 2294 lloyroral
997 2206 1028 2269 ol
1045 2206 1238 2292 τριάκοντα,
1256 2207 1354 2292 οἵπερ
1368 2212 1437 2287 νῦν,

209 2315 254 2378 τὰ
277 2311 485 2396 ὀφειλόμενα
508 2323 581 2387 τοῖς
604 2318 703 2387 θεοῖς
727 2311 914 2402 ἄκρ1ιβῶ1ς·
940 2319 1125 2396 συναγωγῆς
1149 2316 1185 2377 δὲ
1208 2313 1438 2395 τῶλλογιστῶν

210 2418 230 2503 ἡ
255 2419 358 2502 βουλὴ
392 2417 609 2507 αὐτοκράτωρ
639 2421 733 2483 doro.
746 2427 767 2497 ¹)
819 2423 852 2484 A
880 2423 993 2502 quibus
1021 2443 1085 2484 non
1114 2424 1228 2486 diversi
1260 2421 1296 2483 ol
1327 2419 1438 2506 τριά-

211 2551 328 2590 κοντα
351 2530 505 2592 indicibus
533 2530 723 2592 tributorum
754 2531 807 2611 qui
831 2527 936 2591 uocari
960 2531 1063 2591 solent
1086 2530 1238 2610 inscripti,
1269 2530 1321 2610 qui
1345 2551 1436 2591 sexa-

212 2638 367 2718 gesimam
397 2637 586 2699 tributorum
610 2636 771 2699 Minervae
802 2656 925 2698 sacram
949 2637 979 2697 in
1008 2657 1157 2698 numeros
1189 2635 1437 2697 distribuendam

213 2745 363 2824 ipsosque
378 2743 497 2805 indices
513 2743 726 2805 conficiendos
744 2753 861 2805 curant.
874 2745 894 2818 2)
932 2742 1033 2824 Atqui
1049 2746 1182 2804 decem
1198 2742 1329 2824 logistas
1352 2741 1444 2803 solos

213 2860 330 2913 norunt
346 2851 544 2931 grammatici
566 2871 740 2931 eorumque
763 2850 827 2911 fere
851 2871 929 2912 unus
947 2850 1089 2911 omnium
1114 2858 1223 2911 auctor
1239 2847 1437 2930 Aristotelen

214 2955 320 3038 Quam
349 2957 590 3038 discrepantiam
614 2956 724 3019 tollere
755 2956 869 3018 frustra
898 2957 1079 3038 temptabat
1102 2956 1237 3017 Meierus
1269 2975 1341 3016 cum
1364 2953 1438 3015 nihil

213 3083 383 3134 commune
414 3083 483 3125 esse
520 3064 706 3128 decemviris
737 3083 809 3124 cum
841 3064 1040 3144 trigintaviris
1073 3063 1282 3142 suspicaretur
1293 3065 1335 3138 3J:
1379 3083 1438 3122 nec

213 3190 289 3232 vero
322 3167 439 3231 felicius
477 3190 527 3231 res
566 3171 658 3231 cessit
690 3168 727 3230 G.
760 3170 946 3230 Hermanno
977 3171 1086 3231 Roseo
1117 3168 1227 3248 Anglo
1260 3169 1437 3248 Rangabeo

214 3274 347 3350 Graeco,
372 3295 445 3337 cum
465 3277 577 3338 decem
594 3275 714 3355 logistis
731 3284 786 3336 aut
802 3277 910 3356 viginti
933 3295 1108 3338 assessores
1124 3311 1168 3318 —
1184 3275 1235 3355 qui
1253 3277 1436 3354 logistarum

212 3381 286 3443 nulli
306 3391 378 3443 sunt
395 3419 437 3426 --
454 3391 508 3443 aut
532 3383 643 3443 decem
664 3381 822 3461 euthynos
838 3381 1037 3462 totidemque
1053 3402 1228 3443 assessores
1244 3390 1298 3442 aut
1313 3391 1438 3462 praeter

213 3488 371 3567 euthynos
395 3489 568 3568 apodectas
593 3489 705 3550 decem
730 3488 1012 3564 adnumerarent.⁴)
1054 3487 1211 3549 Restabat
1234 3487 1326 3568 igitur
1349 3491 1438 3569 quod

212 3595 375 3656 Boeckhio
396 3595 531 3676 placuit:
563 3615 729 3656 numerum
753 3594 939 3676 logistarum
963 3595 1138 3676 posteriore
1169 3603 1315 3674 tempore
1339 3596 1436 3657 demi-

213 3711 323 3763 nutum
340 3721 418 3774 esse,
435 3720 506 3762 cum
516 3699 685 3780 aliquando
700 3711 772 3763 ante
782 3701 947 3763 Euclidem
963 3701 1148 3763 archontem
1165 3701 1291 3780 triginta
1299 3702 1437 3762 virorum

214 3807 381 3888 collegium
405 3807 577 3881 extitisset,
608 3806 723 3868 scilicet
751 3827 790 3870 eo
815 3810 944 3870 demum
969 3828 1051 3869 anno
1075 3797 1255 3881 conditum,
1279 3828 1384 3888 aquo
1408 3810 1437 3867 in

215 3915 351 3976 indicum
375 3897 499 3975 illorum
523 3913 773 3993 inscriptionibus
793 3916 995 3996 magistratus
1015 3915 1171 3975 numerari
1194 3915 1298 3994 coepti
1322 3923 1401 3974 sunt.
1414 3919 1437 3990 ᾖ)

286 4123 695 4192 1)CIG176=C1A132.
743 4127 843 4175 Bneckh
864 4127 973 4175 Stratslr.
995 4125 1080 4179 1152.
1123 4126 1211 4174 Eidem
1232 4125 1354 4193 λογισταί
1381 4125 1446 4173 sima

214 4215 311 4279 pliciter
338 4215 450 4263 dicuntur
469 4213 557 4262 CIGI
585 4212 634 4266 148
654 4237 687 4256 =
707 4214 765 4262 ClA
785 4216 795 4262 l
817 4212 884 4266 1891)
915 4215 991 4279 (Rose
1010 4194 1149 4265 inscrsvet.
1168 4231 1193 4277 p.
1214 4211 1263 4264 141
1284 4213 1341 4280 sq.).
1380 4213 1438 4262 CIA

213 4300 295 4355 1273
314 4300 446 4371 (Rangabe
465 4310 518 4355 ant.
533 4304 599 4354 Hell.
619 4301 679 4356 116.
701 4283 777 4366 117),Ι
797 4303 835 4354 Cf.
849 4303 951 4352 Boeckh
970 4303 994 4351 in
1013 4303 1112 4358 Comm,
1132 4302 1204 4354 acad.
1226 4303 1304 4352 Berol.
1324 4320 1347 4353 a.
1369 4300 1437 4354 1846

213 4409 238 4457 p.
261 4388 313 4444 370
331 4408 368 4455 sq.
388 4399 411 4440 et
430 4393 485 4443 Act.
507 4392 579 4448 acad,
599 4391 679 4444 Rerol.
700 4408 722 4448 a,
743 4389 812 4444 1853
832 4408 856 4457 p.
877 4390 929 4443 557
947 4408 984 4456 sq.

285 4478 312 4532 2)
333 4477 579 4534 C1A1226.228.
619 4477 979 4534 Boeckhstaatsh.11584.
1012 4480 1051 4532 Cf.
1070 4478 1181 4527 Koehler
1200 4479 1224 4526 in
1244 4479 1344 4532 Comm.
1365 4479 1438 4534 acad,

213 4568 295 4623 Berol.
316 4585 338 4623 a.
362 4567 428 4621 1869
447 4587 472 4634 p.
493 4568 545 4622 105
565 4585 600 4634 sq.

285 4655 313 4721 3)
332 4657 410 4705 Meier
430 4661 480 4712 ΑΜ,
499 4659 545 4713 Pr,
566 4676 590 4723 p.
611 4657 660 4710 101
681 4675 705 4711 n.
726 4657 768 4710 99.

284 4743 312 4813 d)
331 4746 371 4794 De
388 4747 427 4795 his
446 4747 496 4798 vid.
518 4748 616 4796 Boeckh
635 4763 697 4798 mus.
717 4748 785 4796 rhen.
804 4747 815 4794 l
834 4744 877 4798 83.
915 4747 1027 4797 Staatslr.
1048 4747 1072 4794 ΙΙ
1091 4742 1151 4798 583.

286 4833 313 4902 5)
333 4835 385 4886 Ser.
406 4837 464 4886 min.
485 4836 532 4884 VII
553 4833 603 4887 305
623 4852 646 4885 n.
668 4836 779 4886 Staatsh.
799 4837 810 4883 l
830 4833 889 4887 966.
909 4833 1003 4887 11596
1023 4851 1059 4899 sq.

1227 4923 1243 4975 3
