3706 5876
922 583 1144 644 -45„„

420 758 545 822 scholiis
568 760 594 820 B
617 760 658 821 ad
682 758 716 821 Il.
743 765 769 818 Σ
790 761 863 834 447,
895 759 981 821 Pind.
1008 757 1058 821 Ol.
1082 760 1096 820 I
1124 763 1201 835 105;
1236 761 1435 822 econtrario
1464 761 1494 821 in
1521 759 1649 822 scholiis

421 869 461 928 ad
493 855 636 928 Electrae
668 886 794 928 versum
827 867 890 927 307
925 867 1054 928 dicitur:
1094 867 1305 944 θαυμαστῶς
1334 869 1388 926 καὶ
1420 862 1650 948 ἀνθρωπίνως

422 969 677 1052 δικαιολογεῖται
693 971 847 1051 similique
863 973 983 1034 'ratione
1000 972 1110 1034 iudicia
1131 973 1287 1035 adverbiis
1310 971 1411 1048 ἰδίως,
1437 974 1648 1059 περιπαθεῖς

421 1079 487 1141 aliis
510 1080 656 1142 indicant.
702 1079 768 1140 Iam
800 1098 877 1140 vero
908 1081 1120 1160 reputandum
1151 1081 1244 1141 nobis
1272 1089 1320 1142 est
1354 1082 1383 1142 in
1407 1082 1471 1142 vita
1494 1079 1650 1159 Aeschyli

422 1182 478 1247 διὰ
510 1182 624 1265 μόνων
656 1183 915 1264 οίκονομοίνται
945 1186 1043 1246 θεῶν
1078 1187 1262 1267 scripturam
1295 1186 1442 1249 omnibus
1477 1187 1648 1268 probatam

329 1335 331 1342 -
421 1292 611 1375 apographis
626 1294 699 1369 solis
717 1293 833 1365 deberi,
857 1293 887 1352 in
904 1292 1050 1354 Mediceo
1077 1288 1244 1371 δαιμόνων
1270 1292 1529 1372 οίκονομοῦνται
1554 1294 1650 1353 θεῶν

420 1401 530 1474 inesse,
555 1397 694 1461 similiter
713 1396 748 1457 ἐκ
763 1393 877 1476 μόνοιν
892 1408 924 1460 et
941 1396 976 1456 ἐκ
1001 1393 1173 1477 δαιμόνων
1196 1396 1263 1459 κτλ.
1288 1401 1316 1460 irr
1335 1399 1454 1462 Stanlei
1477 1399 1650 1462 codicibus.

422 1506 458 1567 Id
483 1526 523 1568 ne
546 1505 624 1567 facili
641 1504 737 1566 errori
762 1504 931 1566 attribuam
947 1513 1074 1586 praeter
1089 1516 1288 1568 constantem
1312 1527 1407 1586 quem
1431 1508 1521 1587 attigi
1544 1527 1650 1587 gram·

423 1614 609 1675 maticorum
625 1612 712 1673 vocis
736 1609 919 1689 δαιμονίως
943 1633 1033 1674 usum
1058 1611 1280 1674 molestissima
1302 1614 1332 1674 in
1355 1615 1430 1694 ipsis
1453 1612 1558 1674 verbis
1581 1623 1649 1674 tau-

421 1719 543 1798 tologia
565 1718 656 1780 facit:
693 1712 749 1777 διὰ
782 1713 896 1796 μόνοιν
920 1707 1179 1795 οίκονομοῦυται
1203 1720 1297 1778 θεῶν
1321 1756 1362 1762 -
1388 1721 1444 1778 καὶ
1469 1717 1540 1779 ἔστι
1564 1720 1650 1780 θεία

423 1821 538 1884 πάντα
556 1821 748 1907 πρόσωπαι
775 1845 871 1905 quam
889 1825 1084 1900 evitabimus
1109 1826 1133 1886 si
1150 1821 1207 1885 διδ
1227 1821 1340 1904 μόνων
1355 1827 1449 1885 θεῶν
1464 1826 1649 1905 explicatio-

422 1952 495 1994 nem
521 1952 591 1992 esse
606 1933 674 2006 rati,
697 1951 778 2012 quae
795 1933 955 2012 adscripta
970 1932 1001 1993 in
1017 1932 1275 2012 apographorum
1292 1942 1481 1995 contextum
1504 1941 1582 2006 tota,
1605 1953 1648 1992 ex

422 2047 512 2119 parte
543 2038 637 2101 etiam
669 2039 699 2099 in
731 2037 911 2100 Mediceum
943 2039 1115 2118 irrepserit,
1153 2039 1195 2100 ita
1226 2041 1394 2118 genuinam
1426 2038 1651 2120 Aristophanis

424 2145 566 2224 Byzantii
590 2164 719 2206 manum
744 2145 989 2206 restituerimus:
1019 2139 1122 2232 ταότη
1146 2146 1203 2204 καί
1228 2140 1367 2227 ἄριστος
1391 2143 1438 2215 είς
1461 2142 1651 2227 τραγῳδίαν

425 2245 589 2326 Αἰσχύλος
612 2253 778 2332 κρίνεται,
810 2243 862 2309 ὅτι
887 2246 1014 2329 είσόγει
1046 2247 1220 2333 πρόσωπα
1242 2248 1373 2331 μεγάλα
1397 2255 1453 2312 καὶ
1479 2246 1648 2332 ἀξιόχρεα.

423 2359 479 2418 καί
495 2377 583 2427 τινες
606 2351 667 2438 ἤδη
683 2358 753 2416 τῶν
768 2355 961 2439 τραγῳδιῶν
978 2350 1067 2437 αὐτῷ
1094 2356 1277 2437 δαιμονίοις
1299 2356 1568 2438 οίκονομοῖινται,
1593 2379 1649 2416 κα-

424 2459 543 2546 θάπερ
568 2462 600 2524 ol
626 2465 819 2546 Προμηθεῖς
843 2461 911 2524 κτλ.

516 2571 609 2632 Nunc
631 2591 707 2632 vero
731 2571 773 2632 ad
796 2570 896 2632 verba
923 2568 958 2628 ἐκ
982 2572 1038 2651 της
1061 2573 1221 2652 μουσικῆς
1245 2570 1397 2654 ίστορίας
1428 2574 1650 2634 revertendum

425 2686 481 2753 est,
504 2697 587 2758 quae
609 2678 670 2739 iam
696 2697 760 2738 non
784 2697 843 2758 pro
867 2677 1079 2757 inscriptione,
1104 2681 1161 2738 sed
1184 2698 1243 2758 pro
1267 2680 1497 2760 subscriptione
1519 2680 1649 2760 accipia-

426 2803 497 2846 mus
522 2792 658 2866 oportet.
699 2783 751 2844 Ac
774 2783 877 2846 lacere
892 2784 947 2844 vix
971 2803 1148 2864 possumus,
1172 2785 1246 2864 quin
1262 2785 1437 2865 Dionysii
1453 2785 1651 2847 Halicarnas-

425 2892 524 2952 sensis
547 2889 792 2971 intellegendam
816 2909 887 2951 esse
909 2911 1071 2952 sumamus
1095 2900 1149 2952 aut
1168 2891 1269 2971 ipsam
1293 2891 1454 2953 historiam
1479 2901 1533 2954 aut
1556 2913 1651 2972 quam

426 2996 542 3058 Rufum
575 2996 747 3058 confecisse
788 2997 902 3057 scimus
933 2997 1115 3078 epitomam.
1169 2997 1253 3058 Nam
1288 2999 1375 3078 quod
1408 3007 1496 3060 erant
1527 2999 1579 3078 qui
1611 3001 1652 3058 de

425 3102 620 3166 Dicaearcho
641 3105 827 3184 cogitarent,
851 3103 924 3164 inde
947 3103 1025 3164 haec
1049 3103 1169 3166 dudum
1185 3105 1300 3165 reiecta
1324 3117 1370 3165 est
1394 3105 1539 3186 suspici0,
1562 3105 1649 3185 quod

426 3210 476 3272 ille
491 3231 555 3272 non
572 3211 651 3292 περὶ
667 3211 827 3290 μουσικῆς
852 3205 1015 3292 ίστορίας,
1039 3211 1096 3271 sed
1120 3211 1200 3292 περὶ
1222 3213 1395 3289 μουσικῶν
1417 3206 1554 3290 ἀγώνων
1570 3210 1650 3272 libro

426 3318 578 3399 inscripsit
632 3317 727 3378 Cuius
750 3316 899 3379 historiae
922 3336 1005 3397 quae
1029 3315 1119 3379 luerit
1147 3317 1284 3392 indoles,
1317 3319 1423 3379 edocti
1447 3339 1553 3379 sumus
1577 3338 1650 3379 cum

426 3424 569 3496 frustulis,
594 3443 676 3504 quae
706 3444 763 3504 per
786 3424 865 3484 duas
888 3422 1034 3504 pluresve
1069 3424 1218 3504 deinceps
1250 3443 1361 3485 manus
1392 3433 1514 3486 resecta
1536 3422 1651 3486 Suidas

426 3531 569 3604 servavit,
593 3539 662 3591 tum
684 3528 808 3591 Rufiani
833 3529 901 3590 libri
925 3530 1175 3603 adumbratione,
1199 3550 1294 3610 quam
1319 3551 1361 3591 ex
1382 3529 1509 3612 Sopatri
1533 3530 1652 3610 eclogis

425 3639 472 3698 his
496 3637 600 3698 verbis
624 3635 753 3697 Photius
777 3637 958 3716 descripsit:
993 3637 1157 3718 τραγικῶν
1180 3658 1216 3695 τε
1241 3637 1295 3695 καί
1321 3639 1473 3714 κωμικῶν
1497 3634 1653 3716 ποικίλην

427 3740 581 3826 ἱστορίαν
596 3737 757 3825 εὑρήσεις·
784 3736 821 3803 οό
835 3739 940 3821 μόνον
965 3742 1000 3803 δὲ
1025 3737 1113 3802 ἀλλὰ
1136 3744 1192 3802 καὶ
1211 3741 1518 3825 διθυραμβοποιῶν
1540 3744 1652 3804 τεκαὶ

427 3845 578 3931 αὐλητῶν
601 3851 657 3910 καί
682 3847 904 3932 κιθαρῳδῶν,
937 3846 1180 3928 ἑπιθαλαμίων
1203 3872 1239 3909 τε
1273 3845 1369 3928 ᾠδῶν
1399 3851 1455 3909 καί
1488 3843 1654 3942 ίγιεναίων

427 3959 483 4016 καὶ
514 3949 759 4040 ὑπορχημάτων
783 3951 968 4038 ἀφήγησιν,
1001 3959 1080 4037 περί
1103 3978 1139 4016 τε
1164 3951 1332 4038 ὀρχηστῶν
1357 3958 1413 4015 καὶ
1443 3959 1510 4016 τῶν
1541 3951 1655 4016 ἄλλων

426 4066 492 4124 τῶν
509 4062 545 4124 ἐν
560 4057 1276 4146 τοῖςἙλληνικοίςθεότροιςάγωνιζομίνων,
1294 4055 1380 4123 ὅθεν
1395 4085 1431 4123 τε
1447 4065 1503 4123 καὶ
1520 4056 1654 4131 όπωςοί

426 4167 553 4231 τούτων
573 4169 631 4230 tut
654 4173 738 4250 μέγα
754 4167 849 4240 κλέος
865 4165 945 4252 παρ’
966 4165 1082 4239 αὐτοῖς
1099 4164 1354 4251 ἀναδραμόντες
1368 4166 1559 4249 γεγόνασιν,
1585 4169 1653 4230 εἴτε

427 4273 565 4360 ἄρρενες
582 4275 650 4337 είτε
666 4279 722 4336 καί
738 4273 797 4358 τὴν
813 4273 957 4358 θήλειαν
975 4272 1077 4354 φύσιν
1095 4272 1370 4358 διεκληρώσαντο.
1395 4280 1484 4346 τίνες
1501 4275 1536 4336 δὲ·
1552 4279 1654 4336 τίνων

427 4380 701 4464 ἐπιτηδευμάτων
722 4378 806 4468 οίρχδγ
824 4379 1088 4464 διεγνῶσθησαν,
1110 4379 1311 4443 καὶτούτων
1328 4381 1364 4442 δὲ
1379 4386 1467 4453 τίνες
1482 4378 1656 4464 τυράννων

428 4487 445 4571 ἢ
470 4486 636 4567 βασιλέων
660 4489 801 4574 ἐρασταί
826 4491 883 4550 καὶ
899 4488 994 4568 φίλοι
1017 4486 1200 4570 γεγόνασιν.
1226 4485 1264 4550 οὐ
1282 4484 1347 4570 μὴν
1371 4485 1461 4548 ἀλλὰ
1486 4490 1542 4548 καί
1566 4490 1655 4557 τίνες

426 4620 462 4658 τε
481 4596 512 4658 οί
533 4592 658 4677 ἀγῶνες
682 4598 738 4656 καὶ
757 4588 842 4658 ὅθεν
858 4596 894 4657 ἐν
918 4587 967 4665 οἷς
989 4594 1129 4666 ἕκαστος
1152 4593 1194 4656 τὰ
1219 4598 1276 4676 τῆς
1292 4599 1404 4676 τέχνης
1428 4594 1654 4656 ἐπεδείκνυτο.

516 4704 607 4765 Haec
637 4706 662 4764 si
685 4703 938 4785 perlustraveris
971 4724 1075 4765 norme
1106 4705 1196 4764 vides
1219 4723 1315 4783 quam
1345 4712 1419 4784 apte
1442 4702 1493 4764 illa
1517 4704 1558 4763 de
1582 4703 1654 4763 Per-

427 4830 532 4872 sarum
558 4811 682 4872 actione
697 4809 827 4871 Hieroni
850 4831 1004 4892 perquam
1020 4808 1156 4892 probata
1179 4811 1345 4871 adnotatio
1370 4811 1411 4871 ad
1435 4829 1507 4871 eam
1531 4817 1655 4891 partem
