3706 5876
940 541 1161 623 410..

438 739 553 801 certius
577 740 788 821 perspiciatur,
821 739 916 821 paulo
940 739 1029 801 altius
1054 748 1196 820 repetam
1227 737 1445 818 quaestionem
1470 737 1511 798 de
1541 736 1664 799 illorum

438 846 679 926 magistratuum
704 845 813 908 officiis
837 847 867 907 in
891 846 992 908 causis
1013 847 1168 908 rationum
1189 846 1457 926 reposcendarum
1474 843 1666 906 definiendis.

437 952 550 1032 Neque
581 961 690 1014 tamen
712 951 775 1014 hoc
806 971 878 1032 ago,
902 961 936 1014 ut
968 972 1097 1014 omnem
1129 951 1378 1031 disquisitionem
1411 951 1452 1012 de
1481 948 1602 1030 logistis
1634 959 1666 1012 et

437 1057 583 1138 euthynis
614 1057 772 1121 difficilem
809 1079 886 1121 sane
915 1061 1053 1120 necdum
1081 1060 1174 1140 plane
1198 1056 1396 1136 exploratam
1420 1058 1526 1119 denuo
1550 1057 1664 1118 exhau-

436 1165 514 1225 riam
536 1173 631 1247 atque
654 1165 736 1228 adeo
760 1165 869 1227 turbas
886 1184 1044 1240 revocem,
1067 1184 1149 1245 quae
1172 1165 1247 1226 olim
1272 1184 1310 1226 ea
1334 1165 1375 1226 de
1397 1183 1431 1226 re
1454 1172 1563 1226 motae
1586 1164 1666 1226 inter

436 1272 520 1333 viros
543 1272 706 1353 primarios
729 1270 913 1353 Augustum
930 1270 1128 1334 Boeckhium
1153 1279 1185 1332 et
1207 1269 1429 1334 Godofredum
1445 1270 1664 1332 Hermannum

438 1378 560 1440 dudum
591 1378 778 1459 consopitae
808 1387 889 1442 sunt.
944 1378 1066 1439 Verum
1098 1379 1139 1439 de
1175 1378 1299 1439 diversa
1334 1377 1493 1457 utriusque
1529 1378 1665 1439 muneris

439 1485 561 1546 ratione
585 1504 627 1546 ex
651 1485 858 1546 eis'maxime
881 1503 963 1565 quae
988 1483 1019 1544 in
1042 1483 1141 1546 altera
1164 1483 1302 1546 editione
1324 1481 1393 1545 libri
1416 1483 1457 1545 de
1477 1484 1667 1546 oeconomia

439 1591 570 1652 civitatis
586 1591 829 1653 Atheniensium
845 1590 1024 1653 Boeckhius
1049 1592 1196 1672 exposuit
1221 1596 1261 1671 (p.
1280 1591 1341 1652 264
1360 1595 1417 1670 sq.)
1439 1590 1470 1650 in
1486 1590 1664 1652 universum

436 1716 519 1758 nunc
542 1698 671 1778 quidem
695 1706 842 1759 constare
872 1697 1015 1759 arbitror.
1061 1696 1135 1758 Hoc
1158 1705 1264 1758 autem
1296 1696 1368 1758 loco
1401 1716 1439 1757 ea
1465 1697 1665 1778 potissimum

435 1824 607 1885 persequar
629 1824 711 1884 quae
734 1804 776 1865 ad
799 1803 871 1866 iuris
894 1804 1065 1866 dictionem
1090 1823 1200 1865 eorum
1225 1812 1257 1864 et
1272 1804 1302 1863 in
1319 1804 1384 1864 iure
1399 1803 1513 1883 agendi
1530 1805 1663 1864 modum

437 1911 615 1991 pertinent:
647 1911 678 1972 in
709 1909 823 1990 quibus
853 1909 944 1992 plura
974 1909 1079 1972 adhuc
1111 1908 1161 1972 vel
1191 1908 1337 1990 neglecta
1367 1907 1418 1971 vel
1449 1909 1550 1970 minus
1581 1918 1666 1971 recte

437 2029 582 2078 enarrata
604 2017 707 2078 video.

1014 2123 1086 2204 8¹2.

527 2246 686 2310 Omnibus
714 2249 904 2331 quicumque
935 2247 1070 2328 aliquam
1102 2248 1146 2310 rei
1176 2247 1323 2329 publicae
1353 2255 1476 2328 partem
1507 2256 1668 2309 curassent

437 2352 587 2416 officiisve
617 2353 715 2416 iuncti
746 2364 851 2417 essent
880 2355 1043 2417 ordinariis
1071 2355 1342 2428 extraordinariis,
1374 2354 1531 2416 mandatis
1553 2353 1665 2416 volun-

435 2461 529 2534 tariis,
561 2461 656 2522 sacris
678 2459 825 2542 profanis,
844 2481 949 2523 rerum
965 2461 996 2521 in
1012 2460 1117 2523 officio
1134 2470 1295 2542 gestarum
1314 2470 1345 2523 et
1360 2459 1500 2541 inprimis
1515 2461 1666 2542 pecuniae

436 2576 586 2648 acceptae
611 2575 643 2628 et
666 2569 828 2648 impensae
853 2568 992 2630 rationes
1014 2565 1140 2650 publice
1167 2566 1350 2629 reddendae
1377 2575 1475 2628 erant.
1489 2571 1509 2642 ¹)
1556 2566 1667 2646 Atque

436 2674 530 2755 ipsius
554 2673 661 2755 populi
685 2682 753 2735 erat
776 2674 914 2736 rationes
937 2683 1099 2755 repetere:
1131 2674 1219 2754 quod
1242 2672 1418 2735 institutum
1442 2673 1525 2734 adeo
1551 2674 1581 2734 in
1604 2673 1665 2754 pri-

436 2779 494 2840 mis
510 2779 669 2860 popularis
693 2779 813 2860 imperii
828 2780 1012 2842 rudimentis
1036 2780 1231 2844 censebatur.
1277 2777 1411 2841 Videtur
1431 2789 1541 2858 nempe
1561 2777 1667 2854 Salen,

435 2885 534 2972 inquit
558 2883 757 2960 Aristoteles,
780 2886 922 2946 maxime
946 2887 1161 2948 necessariam
1180 2885 1272 2966 plebi
1286 2895 1476 2966 patestatem
1492 2885 1668 2965 impertisse

435 2992 648 3071 magistratus
664 2991 798 3052 creandi
811 3001 844 3053 et
856 2991 905 3053 ad
917 2993 1073 3053 rationem
1089 2991 1288 3070 reddendam
1304 2991 1449 3054 vocandi.
1480 2990 1570 3053 Nam
1586 3012 1667 3072 quae

434 3119 473 3159 ne
488 3096 606 3158 leariem
623 3097 746 3178 quidem
764 3119 870 3159 rerum
886 3098 1053 3178 particeps
1076 3109 1159 3160 esset
1173 3099 1268 3178 plebs
1291 3118 1456 3160 servarum
1479 3108 1509 3159 et
1528 3097 1666 3159 hostiam

433 3205 499 3266 lace
523 3204 627 3282 erat)
1327 3208 1330 3216 '

524 3313 590 3374 lam
626 3332 692 3392 quo
725 3313 789 3374 iure
811 3331 940 3393 quoque
969 3291 1065 3395 pacto
1097 3312 1233 3395 populus
1262 3314 1329 3394 ipse
1360 3311 1442 3373 hanc
1472 3319 1665 3392 potestatem

436 3439 588 3481 exercere
606 3420 735 3494 dicatur,
759 3418 854 3500 paulo
878 3417 973 3480 fusius
997 3419 1167 3500 disquirere
1183 3439 1300 3500 operae
1315 3419 1451 3501 pretium
1468 3426 1523 3480 est.
1553 3417 1664 3497 Neque

440 3526 523 3586 enim
544 3534 618 3607 apte
642 3526 683 3585 ad
707 3524 837 3606 logistas
861 3533 894 3587 et
917 3525 1072 3606 euthynos
1096 3526 1128 3587 id
1151 3524 1266 3587 reseras
1290 3534 1453 3605 tamquam
1477 3523 1585 3604 populi
1608 3543 1663 3585 no·

427 3632 524 3692 ’mine
547 3639 690 3712 agentes,
706 3630 819 3711 quibus
843 3632 980 3695 rationes
1003 3651 1169 3712 munerum
1194 3641 1359 3712 gestorum
1383 3630 1613 3692 examinandae
1629 3648 1665 3690 ac
1761 3657 1765 3666 ⁴

528 3808 555 3873 1)
575 3808 601 3856 id
620 3821 695 3872 quam
714 3807 764 3856 late
782 3808 894 3871 patuerit,
918 3807 1054 3856 Aeschines
1073 3809 1223 3872 persequitur
1242 3809 1267 3856 in
1287 3808 1351 3858 Ctes
1372 3809 1387 3871 ξ
1407 3806 1440 3859 14
1459 3823 1495 3871 sq.
1517 3804 1550 3858 17
1570 3822 1605 3870 sq.

525 3897 552 3962 2)
571 3896 641 3962 polit.
667 3896 683 3948 2
709 3896 752 3956 12,
778 3895 794 3948 1
820 3895 897 3963 (quod
923 3911 977 3960 cap.
1004 3911 1018 3943 a
1043 3896 1194 3960 philosopho
1219 3897 1306 3944 iniuria
1332 3896 1483 3959 abiudicant)
1509 3911 1534 3959 p.
1564 3893 1666 3946 tutta

433 3983 493 4039 ἐπεὶ
513 3981 607 4038 Σόλων
626 4003 657 4054 γε
676 3983 746 4038 εὀικε
765 3981 813 4048 τὴν
832 3980 1052 4052 ἀναγκαιοτάτην
1077 3981 1241 4037 ἀποδιδόναι
1259 3984 1298 4053 τῷ
1317 3981 1395 4056 δάμῳ
1414 3980 1543 4053 δύναμιν,
1568 3979 1596 4036 τύ
1617 3979 1666 4039 τάς

433 4071 524 4145 άρχάς
543 4073 683 4143 αἱρεῖσθαι
708 4073 754 4124 καὶ
780 4068 915 4126 εὐθύνειν.
958 4070 1027 4140 μηδὲ
1046 4070 1100 4145 γάρ
1126 4069 1221 4126 τούτου
1244 4071 1258 4126 ὁ
1286 4074 1373 4142 δῆμος
1396 4069 1435 4125 ιύν
1460 4069 1550 4145 κύριος
1575 4071 1665 4129 dailos

433 4158 469 4216 άν
496 4161 536 4226 εἴη
561 4163 608 4214 καὶ
627 4158 762 4231 πολέμιος.
801 4163 832 4211 cs.
852 4162 868 4214 3
888 4163 931 4224 11,
950 4161 966 4214 7
985 4180 1010 4227 p.
1031 4161 1125 4216 12811)
1145 4159 1239 4235 ιλιύπερ
1258 4162 1304 4215 καὶ
1324 4160 1418 4215 Σόλων
1440 4161 1487 4214 καὶ
1506 4161 1561 4213 τῶν
1578 4156 1667 4212 άλλων

433 4249 505 4311 τινὲς
523 4251 686 4320 νομοθετῶν
704 4247 848 4304 τάττουσιν
873 4247 919 4322 ε’ῃί
944 4269 971 4304 τε
997 4248 1045 4310 τάς
1070 4249 1248 4324 ἀρχαιρεσίοις
1273 4251 1319 4304 καὶ
1340 4248 1387 4310 τάς
1406 4247 1526 4308 εὐθύνας
1545 4250 1600 4302 τῶν
1618 4245 1665 4321 ὐρ-

431 4338 550 4410 χόντων,
570 4335 667 4410 άρχειν
687 4335 715 4391 di
734 4336 804 4390 κατά
824 4334 914 4409 μόνας
934 4336 981 4392 οὐκ
1005 4337 1092 4394 ε’ῶσιν.
1129 4343 1163 4392 ib.
1184 4343 1199 4404 ξ
1219 4339 1242 4393 9.
1263 4342 1278 4402 ᾖ
1297 4341 1328 4392 11
1350 4357 1374 4404 p.
1395 4339 1463 4392 1282
1483 4357 1505 4393 a.
1531 4338 1546 4392 6
1567 4338 1604 4403 (l)
1627 4337 1667 4400 ll,

432 4430 493 4494 cip.
515 4427 615 4482 1298a.
644 4426 720 4495 illi)
739 4429 765 4491 4,
785 4427 809 4480 2.
830 4427 845 4480 3
865 4446 889 4493 p.
910 4427 1004 4482 13181)
1023 4427 1062 4482 ἔτι
1088 4426 1115 4482 tl
1134 4427 1163 4482 τύ
1185 4430 1291 4502 κυρίους
1315 4422 1388 4481 εἶναι
1406 4428 1455 4480 τοῦ
1480 4423 1591 4480 ἑλέσθαι
1621 4427 1667 4479 καὶ

434 4514 563 4572 εὐθύνειν
588 4513 740 4590 άναπλιιροῖ
757 4515 806 4581 τὴν
830 4510 948 4576 ἔνδειαν,
974 4515 1001 4571 εἴ
1024 4537 1048 4571 τι
1067 4519 1225 4589 φιλοτιμίας
1249 4512 1361 4586 ἔχουσιν
1386 4555 1605 4573 .........
1626 4511 1666 4568 διὸ

433 4604 465 4672 δὴ
490 4607 536 4659 καὶ
560 4603 706 4678 συμφέρον
725 4603 783 4659 ἐστὶ
803 4606 835 4677 τῇ
853 4604 986 4678 πρότερον
1005 4607 1118 4678 ῥηθείσῃ
1138 4607 1307 4679 δημοκρατίᾳ
1326 4606 1372 4658 καὶ
1398 4603 1533 4677 ὑπάρχειν
1558 4603 1666 4663 εἴωθεν,

432 4695 574 4764 αἱρεῖσθαι
599 4692 654 4765 μὲν
677 4693 726 4754 τάς
744 4691 836 4768 ἀρχάς
858 4695 905 4747 καὶ
931 4692 1057 4748 εὐθύνειν
1085 4696 1131 4747 καὶ
1157 4694 1275 4758 δικάζειν
1298 4691 1416 4754 πάντας,
1442 4687 1540 4766 άρχειν
1565 4691 1592 4746 δὲ
1618 4697 1667 4751 τάς

432 4785 567 4854 μεγίστοις
585 4780 709 4855 αἱρετούς
727 4784 780 4836 κτλ.
820 4785 881 4836 Sim.
900 4786 977 4836 Isocr.
997 4783 1021 4850 7,
1042 4783 1075 4836 26
1095 4802 1130 4850 sq.
1153 4786 1194 4851 12,
1216 4783 1273 4837 147.
1506 4772 1510 4780 ’
