3706 5876
778 1567 797 1648 S
824 1570 850 1628 1.

292 1678 508 1771 Athenienses
539 1730 603 1790 quo
627 1711 729 1790 magis
752 1729 786 1771 se
816 1730 926 1772 veram
951 1710 1160 1792 omnibusque
1190 1714 1328 1775 numeris
1352 1734 1427 1775 con-

191 1824 392 1900 summatam
421 1814 581 1898 popularis
611 1817 733 1897 imperii
757 1817 928 1897 imaginem
952 1815 1095 1880 effecisse
1117 1817 1333 1899 gloriabantur
1356 1840 1425 1882 om-

199 1922 290 1982 nibus
322 1923 438 2002 pariter
469 1921 588 1984 civibus
616 1932 649 1984 et
679 1921 803 2004 aequali
833 1923 958 2004 publice
983 1924 1106 1986 dicendi
1130 1925 1194 1986 iure
1217 1946 1370 2001 concesso
1395 1935 1427 1988 et

199 2029 286 2091 aditu
318 2030 359 2091 ad
382 2028 508 2111 publica
531 2049 663 2091 munera
695 2031 889 2111 capessenda
912 2039 1033 2112 apert0,
1058 2051 1097 2093 eo
1120 2029 1210 2112 plura
1232 2042 1265 2095 et
1288 2033 1426 2095 firmiora

197 2135 354 2216 praesidia
376 2137 529 2198 instruere
543 2157 683 2224 ¹operam
702 2136 830 2212 dabant,
854 2137 978 2217 nequis
994 2137 1053 2199 ista
1069 2137 1223 2218 aequabili
1239 2147 1425 2201 cunctorum

198 2241 344 2305 libertate
366 2243 432 2304 sive
456 2243 658 2324 magistratus
674 2244 741 2304 sive
756 2244 897 2324 privatus
920 2244 951 2304 in
974 2243 1017 2304 rei
1041 2242 1185 2324 publicae
1201 2245 1425 2307 detrimentum

198 2349 285 2411 abuti
308 2359 429 2430 posset.
462 2349 572 2430 Itaque
589 2359 629 2426 ,et
651 2349 876 2412 accedentibus
900 2351 941 2412 ad
965 2370 1032 2411 rem
1049 2349 1207 2431 publicam
1225 2349 1425 2430 δοκιμασίαι

198 2465 230 2518 et
254 2456 474 2537 magistratum
498 2456 679 2537 gerentibus
703 2456 832 2518 crebrae
856 2453 1120 2539 ἐπιχειρουονίοι
1145 2467 1176 2520 et
1199 2468 1273 2540 post
1297 2468 1423 2538 gestum

199 2556 345 2623 εὔθυναι
369 2563 553 2624 subeundae
577 2572 674 2624 erant.
713 2561 895 2646 Pariterque
919 2583 938 2624 a
959 2563 1154 2644 privatorum
1178 2565 1291 2626 iniuriis
1314 2564 1425 2647 populi

198 2659 346 2732 maiestas
369 2670 461 2730 variis
485 2668 607 2749 legibus
630 2669 749 2731 iudiciis
772 2669 928 2751 suppliciis
944 2669 1169 2732 vindicabatur.
1217 2669 1310 2752 Quae
1325 2671 1423 2733 sicubi

197 2775 341 2839 sufficere
364 2796 428 2837 non
451 2776 641 2837 videbantur
665 2777 694 2836 in
719 2795 756 2837 ea
779 2776 913 2850 civitate,
936 2795 1018 2856 quae
1034 2777 1146 2838 civium
1167 2778 1423 2840 contentionibus

197 2883 419 2962 acerrimisque
442 2883 578 2962 partium
602 2865 716 2944 studii}
737 2883 886 2943 continuo
904 2883 1083 2963 agitaretur,
1107 2884 1138 2944 in
1160 2892 1312 2965 promptu
1327 2893 1417 2945 erant

196 3010 281 3052 nova
297 3011 338 3050 ex
356 2987 464 3071 populi
483 2989 567 3050 scitis
583 2988 724 3050 remedia
740 2997 772 3050 et
787 2988 916 3050 consilia
932 2991 1180 3052 extraordinaria
1196 2989 1339 3070 quamvis
1354 2991 1423 3072 ipsa

195 3117 323 3178 quoque
346 3097 435 3157 novis
459 3094 602 3177 periculis
626 3115 721 3176 saepe
742 3093 892 3156 obnoxia.
932 3095 1042 3176 Atque
1067 3097 1108 3158 de
1131 3097 1183 3172 εἰς,
1206 3096 1319 3179 quibus
1339 3095 1423 3158 sraus

195 3201 283 3265 fieret
314 3203 358 3264 rei
388 3201 546 3284 publicae,
578 3202 712 3262 universi
742 3201 850 3282 populi
880 3212 948 3263 erat
978 3204 1147 3282 providere
1169 3204 1200 3263 in
1223 3202 1421 3265 contionibus

196 3330 233 3372 ac
255 3309 373 3372 iudiciis
396 3328 550 3389 suamque
574 3308 795 3370 auctoritatem
828 3308 984 3388 integram
1008 3328 1149 3371 servare:
1199 3329 1292 3371 causa
1315 3317 1422 3370 autem

195 3416 319 3498 agenda
342 3428 395 3477 aut
418 3413 652 3495 magistratibus
676 3423 731 3476 aut
755 3414 1012 3495 procuratoribus
1035 3415 1224 3510 quibusdam
1242 3417 1420 3477 committe-

121 3543 124 3550 ·
194 3523 301 3597 batur,
332 3522 445 3604 quibus
479 3541 551 3582 suas
582 3522 648 3601 ipse
679 3530 853 3602 partes-
885 3540 958 3582 nam
990 3503 1085 3602 ipsius
1113 3522 1203 3602 quasi
1233 3542 1369 3602 persona
1391 3524 1423 3584 in

194 3627 333 3710 periculo
368 3627 485 3689 versari
516 3626 720 3708 cogitabatur
752 3663 795 3672 —
826 3625 961 3709 populus
992 3625 1136 3689 deferret.
1191 3627 1274 3689 Hinc
1303 3648 1422 3697 nomen

194 3738 355 3810 duxerunt
385 3735 438 3815 qui
469 3728 645 3820 συνήγοροι
676 3733 727 3795 vel
759 3729 908 3794 σύνδικοι
939 3732 1153 3815 appellantur:
1188 3736 1275 3815 quod
1307 3755 1420 3806 munus

194 3840 355 3924 publicum
379 3851 444 3902 hon
469 3839 572 3902 solum
597 3839 743 3915 Athenis,
767 3842 824 3902 sed
848 3839 878 3900 in
902 3841 967 3902 aliis
989 3861 1117 3921 quoque
1142 3840 1292 3902 Graeciae
1316 3841 1422 3903 civita-

193 3948 277 4010 tibus
306 3948 448 4010 extitisse
471 3955 604 4008 constat.
651 3946 735 4008 Nam
759 3941 939 4030 συνήγορος
962 3956 995 4008 et
1019 3941 1171 4016 σύνδικος
1194 3947 1422 4028 intellegendus

194 4063 242 4117 est
265 4056 320 4134 τῆς
344 4049 473 4122 πόλεως
496 4074 552 4114 seu
575 4053 634 4112 τοῦ
660 4047 766 4132 δήμου
778 4058 812 4129 1),
852 4054 876 4114 is
900 4051 952 4134 qui
976 4073 1063 4114 cum
1087 4055 1212 4115 civitate
1236 4053 1333 4115 verba
1349 4053 1422 4115 facit

194 4179 386 4242 causamque
424 4161 513 4235 dicit,
550 4160 580 4221 id
613 4168 661 4221 est
698 4161 751 4240 qui
782 4160 911 4222 civitatis
942 4160 1071 4222 nomine
1102 4161 1166 4240 agit
1198 4158 1273 4221 boni
1303 4159 1420 4241 publici

192 4269 345 4350 interpres
376 4276 430 4329 aut
457 4267 585 4330 vindex.
634 4265 729 4328 Cuius
760 4266 884 4346 generis
914 4285 1108 4346 quamquam
1139 4265 1229 4347 plura
1259 4247 1428 4346 longeque

192 4375 272 4436 inter
297 4393 331 4434 se
354 4374 478 4435 diversa
508 4373 614 4435 munia
641 4373 727 4454 apud
751 4371 964 4435 Athenienses
988 4366 1199 4446 inveniuntur,
1224 4371 1286 4432 hoc
1309 4380 1417 4433 tamen

194 4500 364 4543 commune
387 4479 557 4554 habebant,
582 4488 616 4540 ut
640 4499 693 4541 eas
724 4479 860 4540 rationes
884 4487 979 4559 atque
1003 4479 1204 4559 quaestiones
1228 4478 1418 4558 respicerent

285 4673 311 4738 1)
332 4669 476 4746 συνήγοροι
501 4672 547 4735 τῆς
572 4668 673 4731 πόλεως
692 4690 725 4724 sc.
747 4673 826 4736 Oropi
846 4673 869 4721 in
889 4673 958 4721 titulo
979 4673 1036 4722 CIG
1055 4673 1067 4720 I
1085 4662 1202 4740 irs-1570
1221 4671 1238 4722 l.
1258 4669 1298 4723 26.
1331 4671 1420 4720 Atticis

195 4765 321 4830 genetivus
340 4779 472 4826 numquam
494 4763 598 4823 additur,
618 4779 666 4826 quo
688 4768 737 4810 tuto
757 4763 835 4811 careri
854 4768 957 4825 poterat.
990 4762 1029 4813 Cf.
1047 4768 1129 4810 tamen
1150 4761 1240 4811 Aesch.
1261 4760 1284 4820 1,
1308 4758 1346 4811 19.
