3706 5876
703 600 923 664 „43-

197 793 274 838 vera
296 776 377 838 inter
400 775 554 855 Aeschyli
577 773 698 838 fabulas
721 774 919 838 referendam
944 796 1012 838 esse
1037 797 1079 838 ex
1103 774 1320 855 Aristophane
1344 775 1424 840 dilu-

200 881 271 944 cide
294 881 457 963 colligitur.
496 883 568 946 Hos
592 883 675 945 enim
699 883 724 944 si
747 883 834 944 inter¹
849 902 884 944 se
907 881 1107 964 comparabis
1131 883 1292 944 Ranarum
1316 882 1424 946 locos:

376 1023 465 1093 σαφὲς
483 1019 547 1075 δᾶν
565 1017 642 1076 εἶπεν
661 1017 754 1076 οὐδεέν
764 1067 769 1078 ,
779 1061 784 1072 .
794 1061 814 1072 ..

378 1108 434 1164 ἀλλ’
454 1108 468 1176 ἢ
490 1108 689 1184 Σκαμάνδρους
707 1109 721 1176 ἢ
741 1109 862 1183 τάφρους
881 1107 895 1174 ἢ
915 1107 1077 1166 ’π’ἀσπίδων
1096 1108 1213 1170 ἐπόντας
1304 1161 1305 1165 ,

377 1203 544 1274 γρυπαέτους
562 1198 745 1270 χαλκηλάτους

199 1300 233 1353 et

769 1436 789 1448 ..
800 1436 821 1448 ..
842 1392 900 1449 οὐδ’
919 1395 1078 1459 ἐξέπληττον
1096 1393 1196 1455 αὐτούς

379 1481 504 1544 Κύκνους
522 1485 609 1538 ποιων
627 1486 674 1538 καὶ
694 1487 845 1554 Μέμνονας
864 1483 1195 1560 κωδωνοφαλαροπώλους,

199 1649 265 1691 που
288 1627 336 1690 Te
359 1628 456 1709 lugiet
479 1630 641 1711 proiecto,
672 1649 768 1711 quam
793 1630 918 1692 diverso
951 1630 1079 1693 consilio
1110 1640 1142 1692 et
1165 1631 1370 1713 γρυπαέτους
1394 1637 1427 1690 et

201 1729 337 1804 κύκνους
362 1746 490 1817 usurpet
520 1745 633 1818 poeta;
670 1746 704 1799 ut
736 1738 776 1798 de
801 1735 917 1816 Cygno
941 1757 1013 1800 cum
1037 1735 1211 1799 Memnone
1240 1757 1298 1816 pro
1322 1733 1428 1796 sabula

200 1840 349 1904 habenda
373 1863 510 1904 mecum·
522 1842 593 1904 Tibi
617 1845 785 1906 convenire
807 1849 935 1924 putem,
966 1864 1037 1906 cum
1061 1843 1246 1925 praesertim
1274 1843 1315 1904 de
1337 1842 1428 1904 huius

200 1945 326 2009 fabulae
348 1959 538 2029 argumento
562 1949 646 2014 nulla
668 1953 708 2012 sit
732 1951 897 2013 dubitatio.
944 1951 1010 2013 lam
1038 1951 1132 2032 igitur
1158 1948 1314 2012 habemus
1337 1958 1427 2012 octo-

203 2054 292 2133 ginta
315 2056 393 2116 duas
417 2054 545 2117 fabulas
585 2057 635 2118 De
652 2056 699 2118 his
716 2059 828 2120 decem
853 2059 994 2120 omnium
1006 2075 1173 2120 ‘consensu
1197 2056 1339 2134 satyricis
1362 2056 1427 2116 vin-

205 2161 360 2236 dicantur,
384 2160 553 2243 pleraeque
576 2185 618 2224 ex
642 2165 836 2239 testimoniis,
860 2162 1029 2226 nonnullae
1053 2184 1095 2226 ex
1118 2163 1212 2224 certis
1235 2161 1426 2224 rationibus:

201 2260 369 2347 Ἀμυμώνη
387 2265 446 2352 (6),
473 2263 628 2350 Κερκύων
644 2266 727 2351 (30),
750 2273 853 2352 ’Κίρκη
869 2268 952 2354 (31),
977 2265 1122 2352 Κήρυκες
1138 2265 1220 2352 (32),
1244 2270 1340 2328 Λέων
1357 2265 1428 2352 (35)

206 2374 393 2456 Λυκοῦργος
409 2370 491 2458 (37),
512 2370 701 2454 'oni-olima
718 2373 799 2460 (tu),
825 2371 1025 2459 Προμηθεὺς
1042 2371 1211 2458 πυρκαεὺς
1228 2372 1311 2458 (80),
1336 2381 1428 2457 Πρω-

204 2477 278 2549 τεύς
294 2476 376 2564 (51),
403 2483 550 2558 Σίσυφος
568 2479 734 2565 δραπέτης
750 2485 834 2560 (61).Ι
870 2485 1036 2546 Praeterea
1052 2483 1094 2544 de
1116 2482 1215 2545 tribus
1238 2489 1429 2562 quattuorve

205 2584 316 2649 sabulis
337 2607 401 2668 quo
425 2586 609 2651 referendae
624 2589 685 2652 sint
701 2590 866 2654 dubitant:
895 2591 1049 2671 equibus
1077 2590 1102 2651 si
1126 2591 1204 2651 duas
1227 2587 1340 2650 saltem
1364 2607 1429 2648 non

205 2692 456 2774 improbabiliter
484 2695 637 2774 satyricae
667 2695 761 2760 fuisse
789 2698 956 2772 sumimus,
989 2695 1190 2777 septuaginta
1217 2703 1336 2757 restant
1366 2704 1427 2756 tra-

205 2799 339 2879 goediae
363 2800 394 2860 in
416 2801 481 2862 vita
503 2811 688 2866 numeratae
710 2803 727 2864 i.
749 2825 775 2866 e.
792 2803 900 2884 viginti
923 2812 987 2866 tres
1010 2801 1153 2882 trilogiae
1177 2821 1300 2882 unaque
1323 2798 1430 2862 fabula

205 2905 357 2980 solitaria,
381 2905 548 2974 Aetnaeae
570 2907 703 2983 scilicet,
726 2930 822 2990 quam
853 2929 918 2972 non
940 2910 1098 2990 pertinere
1122 2908 1163 2969 ad
1186 2906 1429 2970 Atheniensium

205 3011 323 3074 cultum
347 3033 450 3094 neque
479 3014 520 3074 ad
544 3013 782 3096 tetralogiarum
805 3017 960 3080 rationem
984 3035 1054 3078 esse
1077 3016 1329 3095 detorquendam
1353 3033 1428 3077 con-

205 3129 390 3182 sentaneum
414 3129 471 3182 est.
509 3120 575 3182 lam
599 3141 676 3184 vero
700 3121 751 3184 vel
774 3123 914 3186 maxime
938 3123 1068 3204 dignum
1093 3130 1141 3183 est
1171 3121 1260 3201 quod
1284 3129 1429 3184 accurate

205 3225 344 3288 animum
361 3226 517 3300 advertas
541 3226 740 3308 Aeschylum
757 3229 816 3292 dici
832 3230 1033 3311 septuaginta
1053 3228 1224 3291 confecisse
1240 3227 1429 3309 tragoedias

206 3332 262 3392 καὶ
279 3330 346 3391 ἐπὶ
362 3326 523 3403 τούτοις
540 3330 715 3416 σατυρικά,
739 3355 803 3416 quo
821 3336 862 3398 ad
878 3330 929 3412 κγ’
956 3355 1122 3398 numerum
1147 3335 1297 3398 ducimur.
1330 3333 1428 3415 Quod

205 3449 311 3502 autem
343 3439 550 3518 satyricarum
578 3441 779 3521 potissimum
812 3440 1001 3522 reliquarum
1034 3441 1188 3502 memoria
1218 3448 1344 3520 praeter
1374 3439 1429 3500 de-

205 3565 275 3608 cem
308 3546 518 3608 duodecimve
548 3556 671 3609 mature
695 3547 833 3622 evanuit,
864 3546 922 3608 Te·
943 3556 1027 3608 certe
1059 3567 1123 3609 non
1155 3547 1267 3608 mirum
1291 3543 1431 3608 habebit.

205 3650 272 3714 Sed
295 3652 444 3732 quoniam
469 3653 600 3716 seorsim
624 3663 829 3716 numerantur
853 3655 1037 3736 tragoediae
1060 3652 1247 3733 fabulaeque
1268 3652 1431 3730 satyricae,

205 3757 266 3821 hos
289 3758 516 3840 comprehendi
537 3779 686 3845 numeros
703 3760 914 3822 desiderabis:
943 3780 1040 3840 quare
1056 3760 1081 3822 si
1105 3759 1149 3820 eis
1164 3779 1245 3840 quae
1260 3767 1354 3820 antea
1374 3777 1430 3818 ex-

205 3864 290 3927 hibui
307 3862 412 3926 verbis
428 3885 470 3926 ex
485 3866 668 3928 testimonio
682 3867 723 3928 de
737 3866 894 3948 Euripidis
910 3865 1023 3928 fabulis
1038 3865 1197 3946 praemitti
1212 3879 1366 3928 monuero
1387 3857 1430 3924 τὰ

207 3965 319 4032 πάντα
336 3958 405 4050 δῆν
422 3966 511 4050 αὐτῷ
535 3967 694 4054 δράματα
711 3973 734 4042 f
736 3967 775 4051 η’,
800 3973 862 4044 iam
878 3971 1049 4052 intelleges,
1074 3972 1103 4032 ni
1119 3969 1218 4044 fallor,
1242 3990 1307 4050 quo
1322 3967 1432 4031 tendat

206 4079 307 4138 oratio
330 4098 416 4138 mea:
444 4098 502 4158 pro
526 4073 567 4138 τὰ
585 4081 685 4140 πέντε
702 4077 900 4142 confidenter
915 4078 1133 4159 reponendum
1158 4095 1228 4138 esse
1249 4070 1292 4136 τά
1317 4057 1432 4134 πάντα

205 4203 329 4244 mecum
355 4183 520 4258 iudicabiS‚
552 4185 583 4246 in
607 4188 724 4246 ΑΜΦΙ
747 4194 854 4248 autem
887 4185 983 4246 latere
1014 4204 1095 4263 quos
1124 4183 1372 4246 desideravimus
1401 4190 1434 4243 et

204 4290 410 4367 satyricarum
449 4300 481 4353 et
519 4291 733 4356 universarum
772 4289 948 4356 fabularum
988 4309 1138 4352 numeros
1173 4283 1240 4348 ΚΓ
1246 4283 1316 4365 ,51⁴
1323 4332 1330 4347 .
1383 4287 1435 4350 De

206 4397 317 4470 πέντε,
340 4416 399 4477 pro
414 4417 479 4477 quo
503 4397 564 4460 iam
589 4399 619 4460 in
635 4398 782 4462 Mediceo
798 4392 828 4457 ε’
849 4406 1036 4477 expressum
1053 4404 1110 4470 est,
1133 4397 1164 4456 in
1180 4390 1293 4456 πάντα
1310 4403 1433 4455 mutato

205 4523 245 4565 ne
268 4502 401 4568 verbum
425 4504 554 4583 quidem
578 4505 748 4577 adicerem,
772 4504 829 4566 nisi
853 4503 882 4565 in
906 4503 966 4566 hac
987 4503 1056 4583 ipsa
1078 4503 1142 4564 vita
1165 4499 1284 4564 Stanlei
1307 4501 1433 4564 codices

204 4611 289 4673 idem
318 4617 431 4689 postea
453 4610 562 4672 vitium
586 4608 795 4692 praeberent:
828 4611 912 4672 θεῖα
939 4611 1038 4670 πέντε
1064 4602 1235 4690 πρόσωπα
1266 4627 1326 4690 pro
1350 4607 1432 4666 δεῖν

205 4713 321 4778 πάντα
345 4733 420 4796 πρ.;
447 4717 568 4780 numen'
584 4725 690 4780 autem
708 4725 788 4798 quot
811 4716 997 4798 quantisque
1013 4714 1146 4778 obnoxii
1167 4713 1280 4777 fuerint
1303 4733 1430 4794 corrup-

206 4822 289 4899 telis,
321 4822 458 4886 clamant
481 4823 673 4906 antiquitatis
697 4831 912 4886 monumenta.
959 4821 1026 4886 Iam
1050 4819 1163 4886 Suidas
1187 4840 1229 4886 ex
1261 4839 1350 4885 more
1374 4838 1432 4886 suo
