3706 5876
714 605 932 666 ..19-

204 780 390 843 Aristotelis
428 783 584 843 sententia
621 779 698 842 illud
736 800 755 842 a
793 780 913 844 Solone
950 781 1035 863 plebi
1081 801 1267 844 concessum
1303 777 1341 843 τό
1373 778 1435 851 τός

177 867 181 874 ’
205 881 316 969 ἀρχὰς
340 885 520 970 αίρεῖσίίαι
545 888 602 946 καί
626 881 792 949 εὐθύνειν.
841 886 899 950 Cui
922 889 965 949 rei
988 908 1085 969 quarn
1107 890 1172 950 vim
1197 889 1313 950 tribuat
1332 888 1433 970 philo-

205 994 340 1074 sophus,
372 994 434 1056 alio
458 993 530 1058 loco
556 996 700 1057 eiusdem
724 995 793 1057 libri
816 996 1015 1076 perspicuum
1038 996 1143 1058 reddit
1167 993 1241 1076 (pol.
1267 998 1286 1056 6
1312 997 1358 1074 (4)
1385 997 1435 1070 16,

210 1104 227 1162 1
257 1122 288 1183 p.
322 1104 405 1164 1300
423 1101 473 1177 b),
512 1101 566 1163 ubi
598 1101 679 1162 inter
717 1111 794 1164 octo
830 1103 1013 1163 iudiciorum
1049 1122 1167 1182 genera
1199 1099 1436 1185 (δικαστηρίων

207 1203 293 1287 είδη)
317 1209 453 1288 primum
476 1208 566 1289 ponit
599 1200 813 1282 εὐθυντικόν,
838 1209 930 1288 eique
958 1217 992 1269 ut
1023 1207 1148 1270 diversa
1174 1209 1316 1290 adiungit
1348 1203 1435 1268 όίίλο

210 1311 247 1372 δὲ
271 1309 304 1373 εί
325 1315 375 1382 τίς
398 1334 430 1373 τι
454 1315 522 1374 τῶν
545 1315 666 1374 κοινῶν
698 1309 826 1375 ἀδικεῖ·
858 1311 973 1397 ἕτερον
1004 1307 1069 1375 όσα
1093 1311 1141 1384 είς
1168 1311 1227 1395 τὴν
1257 1311 1437 1375 πολιτείαν

209 1425 306 1502 φέρει
322 1416 389 1480 κτλ.
431 1421 591 1502 Quocirca
610 1424 664 1504 qui
681 1419 807 1483 Solonis
827 1422 968 1483 instituto
989 1423 1020 1482 in
1041 1405 1174 1484 comitiis
1190 1421 1299 1504 populi
1316 1423 1358 1483 ad
1374 1419 1436 1482 cal-

208 1527 298 1588 culos
314 1538 447 1589 vocatos
464 1548 533 1590 esse
547 1531 750 1610 magistratus
764 1529 969 1602 contendunt,
979 1529 1123 1590 desinant
1136 1527 1248 1590 saltem
1256 1527 1437 1591 Aristotelis

208 1633 426 1696 testimonium
451 1635 481 1695 in
498 1656 588 1696 suam
614 1645 739 1716 partem
762 1634 895 1696 trahere.
931 1636 1006 1698 Non
1022 1637 1125 1698 minus
1140 1633 1317 1697 inconsulto
1334 1635 1436 1696 eidem

210 1740 269 1821 ipsi
293 1738 403 1802 Soloni
426 1743 644 1803 testimonium
669 1743 855 1808 denuntiant
878 1743 918 1804 de
942 1762 1012 1805 sese
1034 1741 1227 1822 praedicanti

348 1841 438 1928 δήμῳ
462 1849 525 1927 μὲν
549 1845 609 1930 γὰρ
634 1846 745 1908 iluna
768 1844 871 1909 τόσον
894 1845 1016 1931 κρότος
1041 1841 1146 1909 όσσον
1170 1846 1321 1930 ἐπαρκεῖ,

345 1955 443 2034 τιμῆς
468 1947 534 2017 οὔτ’
562 1949 704 2034 όφελών
729 1950 797 2016 οὔτ’
824 1951 1091 2038 ἐπορεξάμενος·

212 2059 329 2121 scilicet
359 2063 412 2142 qui
435 2083 470 2124 se
493 2064 618 2124 auxisse
650 2061 751 2145 plebis
783 2063 966 2143 dignitatern
997 2070 1105 2143 neget,
1136 2081 1201 2123 non
1231 2061 1371 2141 potuisse
1393 2061 1437 2120 iu-

213 2168 283 2228 dicii
305 2169 477 2232 iuratorum
508 2168 710 2231 heliastarum
735 2178 897 2231 auctorem
921 2168 1038 2230 haberi.
1093 2167 1191 2249 Quasi
1219 2187 1295 2228 vero
1319 2165 1439 2227 nullum

213 2274 441 2337 incrementum
465 2275 606 2338 attulisse
630 2276 715 2357 plebi
736 2284 879 2358 potestas
895 2277 1097 2354 magistratus
1113 2275 1239 2336 creandi
1256 2283 1288 2335 et
1304 2273 1441 2334 rationes

213 2381 255 2441 ab
286 2382 330 2442 eis
361 2384 525 2464 repetendi
557 2384 718 2445 censenda
749 2383 855 2445 sit-
886 2402 968 2463 quae
1000 2381 1130 2463 quidem
1163 2381 1348 2462 gravissima
1375 2379 1441 2440 iura

214 2507 283 2548 esse
307 2487 498 2550 Aristoteles
530 2489 699 2552 confirmat
713 2493 734 2561 ¹)
758 2525 802 2534 —
832 2489 1015 2570 praesertim
1045 2489 1070 2548 si
1098 2489 1167 2568 quis
1199 2488 1345 2568 opinatur
1376 2505 1441 2546 non
1535 2530 1541 2535 -

214 2577 365 2655 selectum
397 2614 564 2656 numerum
597 2597 710 2657 civium
743 2604 847 2657 aetate
875 2595 1110 2677 provectiorum
1135 2591 1327 2656 iurisiurandi
1358 2592 1441 2652 adeo

215 2699 365 2780 religione
381 2701 616 2776 obstrictorum,
639 2722 751 2763 verum
775 2701 887 2762 rudem
910 2703 1092 2782 variamque
1108 2700 1340 2762 multitudinem
1357 2696 1442 2775 vulgi

214 2807 257 2868 ad
274 2807 401 2869 comitia
418 2809 585 2870 convocati
601 2811 643 2870 de
656 2828 821 2870 munerum
839 2808 1107 2870 administratione
1123 2805 1312 2868 sententiam
1328 2803 1443 2865 tulisse.

216 2913 301 2996 Quin
339 2914 453 2975 rectius
491 2935 619 2995 prorsus
659 2916 850 2976 contrarium
886 2934 928 2974 ex
959 2909 1089 2976 Solonis
1116 2912 1258 2974 versibus
1288 2909 1438 2971 efficitur:

214 3019 416 3101 nequeenim
433 3019 479 3081 sas
496 3028 544 3081 est
560 3040 705 3101 premere
722 3021 886 3083 notionem
904 3012 974 3081 οὔτ’
995 3013 1256 3101 ἐπορεξάμενος,
1273 3016 1443 3098 neglegere

215 3127 396 3208 oppositum
415 3120 481 3187 οὔτ’
503 3121 651 3204 ἀφελών,
676 3135 708 3188 et
728 3128 880 3208 principio
905 3122 993 3206 δόμῳ
1018 3123 1146 3184 ἐ’δωκα
1169 3119 1272 3184 τόσον
1296 3118 1443 3206 κρότος

215 3232 304 3295 sacile
328 3233 437 3314 aliquis
457 3234 674 3296 democratiae
691 3232 821 3295 Atticae
845 3242 1020 3296 creatorem
1044 3232 1247 3312 agnoverit.2)
1286 3229 1339 3292 Ac
1355 3229 1441 3290 diffe-

215 3349 287 3401 runt
310 3341 390 3402 inter
413 3360 448 3401 se
472 3335 595 3422 κροίτος
619 3349 651 3401 et
675 3335 772 3430 τιμίῑτ
805 3361 941 3422 quorum
972 3338 1047 3400 illud
1077 3345 1271 3419 potestatem
1303 3335 1443 3416 legitime

215 3467 409 3522 concessam,
430 3446 493 3509 hoc
509 3447 696 3527 dignitatem
716 3455 748 3508 et
763 3446 902 3508 honores
919 3449 1070 3520 denotat;
1097 3444 1184 3526 quod
1200 3445 1225 3505 si
1242 3453 1396 3517 tenemus,
1412 3450 1444 3503 et

216 3553 397 3616 Aristotelis
421 3553 687 3632 argumentationi
713 3553 833 3634 oppido
858 3554 1005 3614 convenit
1028 3561 1060 3612 et
1084 3551 1277 3632 aliquantum
1301 3549 1387 3611 valet
1402 3549 1445 3610 ad

215 3660 434 3740 legumlatoris
454 3658 618 3721 consilium
635 3658 863 3722 illustrandum.
902 3660 1012 3740 Itaque
1035 3679 1099 3719 non
1123 3666 1172 3719 est
1196 3677 1249 3719 cur
1272 3657 1444 3717 iuratorum

307 3871 333 3937 1)
354 3873 405 3936 pol.
425 3871 441 3924 3
462 3871 503 3933 11,
531 3870 563 3922 11
588 3889 614 3935 p.
635 3869 704 3923 1282
724 3888 739 3919 a
764 3871 838 3923 δοκεῖ
860 3867 915 3943 γὰρ
940 3865 1044 3922 οίτοπον
1067 3863 1140 3932 εἶναι
1164 3864 1193 3922 τό
1219 3863 1353 3939 μειζόνων
1375 3859 1447 3918 είναι

217 3961 324 4033 κυρίους
342 3957 403 4019 τοός
422 3957 542 4029 φαύλους
566 3959 623 4012 τῶν
641 3957 781 4012 ἐπιεικῶν·
806 3957 843 4012 αἱ
866 3953 891 4012 δ’
920 3953 1070 4012 εὔθυναι
1095 3957 1152 4010 καὶ
1178 3953 1215 4009 αἱ
1237 3956 1304 4009 τῶν
1328 3951 1448 4028 ἀρχῶν

217 4047 375 4122 αἱρέσεις
399 4046 470 4102 εἰσὶ
493 4049 654 4118 μέγιστα.
676 4077 709 4084 -
728 4050 843 4099 Ceterum
862 4049 1005 4098 Plutarchus
1029 4048 1080 4098 Sol.
1100 4045 1133 4099 18
1158 4041 1172 4098 ὃ
1193 4041 1255 4098 κατ’
1282 4040 1372 4117 ἀρχὰς
1395 4043 1449 4112 μὲν

217 4133 306 4197 οὐδέν,
324 4133 437 4210 ὕστερον
456 4136 485 4190 di
503 4138 686 4207 παμμέγεθες
705 4132 807 4207 ἐφάνη·
826 4132 859 4190 τοί
879 4133 934 4209 γὰρ
952 4137 1063 4189 πλεῖστα
1081 4135 1137 4188 τῶν
1150 4131 1293 4207 διαφόρων
1305 4131 1449 4187 ἐνέπιπτεν

217 4224 257 4284 εἷς
286 4222 348 4284 toric
372 4223 502 4284 δικαστάς
521 4229 560 4265 -’
575 4227 663 4291 quibus
688 4227 739 4276 vim
764 4227 824 4276 facit
848 4226 1030 4291 interpretando
1056 4225 1161 4274 Oncken
1184 4225 1266 4274 Athen
1283 4241 1309 4274 u.
1328 4223 1448 4272 Hellasl

219 4313 271 4366 157
296 4331 346 4378 sq.;
380 4316 483 4367 Staatsl.
509 4317 534 4366 d.
559 4315 702 4365 Aristoteles
724 4317 749 4364 11
774 4313 834 4368 141.
860 4313 913 4368 194
930 4343 964 4352 -·
983 4315 1046 4363 nihil
1069 4315 1161 4378 probat
1184 4314 1246 4374 nisi,
1277 4311 1345 4376 quod
1369 4311 1449 4375 quivis

218 4404 291 4452 facile
310 4404 470 4466 concesserit,
494 4405 617 4453 heliastici
643 4405 728 4453 iudicii
753 4420 803 4453 non
828 4403 910 4452 statim
929 4405 961 4452 ab
981 4404 1051 4452 initio
1077 4403 1181 4451 eandem
1204 4417 1280 4466 quam
1298 4405 1384 4465 postea
1402 4416 1449 4463 po·

219 4493 320 4542 tentiam
340 4501 363 4541 et
382 4494 554 4542 auctoritatem
579 4493 665 4542 fuisse:
693 4493 759 4541 idem
783 4509 842 4542 vero
865 4492 933 4557 quod
958 4493 1027 4540 addit
1052 4490 1098 4542 καὶ
1122 4485 1175 4562 γὰρ
1200 4484 1252 4542 ὅσα
1271 4492 1330 4546 ταῖς
1349 4483 1450 4560 ἀρχαῖς

219 4579 295 4641 ἔταξε
308 4581 420 4652 κρίνειν,
438 4577 541 4650 ὁμοίως
556 4580 602 4632 καί
619 4580 682 4653 περὶ
695 4577 806 4634 ἐκείνων
819 4579 857 4638 είς
869 4576 898 4634 τό
919 4574 1091 4652 δικαστήριον
1109 4577 1253 4648 ἐφέσεις
1271 4575 1376 4630 ἔδωκε
1395 4581 1450 4634 τοῖς

219 4669 407 4738 βουλομένοιςι
434 4677 494 4719 uoto
515 4676 656 4720 commento
675 4675 698 4719 et
717 4669 756 4719 vel
775 4670 841 4734 apud
859 4671 1006 4718 recentiores
1024 4669 1142 4733 frequenti
1161 4668 1283 4732 originem
1302 4666 1450 4716 iudiciorum

219 4759 374 4824 popularium
394 4775 423 4808 ex
441 4760 621 4822 provocatione
639 4759 734 4824 repetit,
754 4759 822 4808 cuius
840 4758 906 4808 nulla
924 4759 950 4807 in
968 4759 1019 4807 iure
1038 4758 1121 4807 Attico
1140 4758 1245 4821 vestigia
1263 4762 1324 4807 sunt.

309 4846 336 4907 2>
356 4848 387 4897 cl.
405 4847 564 4897 Schoemann
584 4847 609 4896 in
627 4847 781 4897 Fleckeiseni
801 4848 882 4899 annal.
896 4853 913 4900 t.
928 4845 961 4898 93
982 4844 1074 4914 (1866)
1094 4863 1118 4910 p.
1133 4844 1185 4898 587
1199 4861 1235 4910 sq.

1196 4931 1234 4985 2*
