3706 5876
711 588 928 650 „53-

207 764 390 824 wettstreite
415 762 471 824 des
484 763 612 845 jungeri
634 762 804 844 Sophocles
827 764 888 826 mit
907 768 974 825 dem
999 765 1102 826 tiltern
1127 765 1251 827 meister
1271 764 1331 828 den
1355 767 1427 845 aus-

206 869 419 950 zeiclmungen
442 870 498 932 des
520 870 579 932 Ion
610 871 643 932 in
674 869 734 932 den
759 871 1084 952 Denszirdzgkeiten
1107 881 1303 935 entnommen
1326 871 1429 959 haben

207 972 313 1057 γίνομ’,
346 979 440 1040 etiam
471 978 553 1040 hanc
581 977 704 1040 aliunde
736 978 873 1041 stabilire
900 978 1005 1042 licebit
1036 981 1256 1044 coniecturam.
1306 981 1342 1043 In
1365 982 1430 1044 vita

207 1085 290 1148 enim
313 1083 466 1164 Aeschyli
490 1094 563 1166 post
593 1083 669 1148 illud
693 1085 947 1148 Chamaeleontis
978 1088 1123 1149 iudicium
1148 1107 1189 1149 ex
1213 1087 1429 1170 Aristophane

208 1212 410 1273 expressum,
439 1192 518 1256 haec
540 1200 670 1254 extant:
705 1187 816 1275 ἀπῆρε
842 1191 877 1253 δὲ
901 1188 945 1263 τίς
965 1188 1113 1276 Ἱέρωνα,
1137 1190 1223 1254 κατά
1249 1215 1343 1264 τινας
1365 1197 1428 1274 μέν

206 1293 274 1358 ὑπὸ
296 1293 486 1379 Ἀθηναίων
510 1297 834 1369 κατασπουδασθείς
865 1301 921 1360 καί
960 1295 1122 1382 ἡσσηθεὶς
1150 1304 1226 1382 νέῳ
1258 1295 1356 1363 ὄντι
1382 1303 1431 1382 τῷ

210 1401 393 1484 Σοφοκλεῖ,
426 1404 479 1466 ubi
502 1404 704 1468 Plutarchus:
739 1401 873 1491 πρώτην
896 1404 958 1491 γάρ
983 1403 1206 1474 διδασκαλίαν
1227 1409 1286 1469 τοῦ
1321 1415 1428 1487 Σοφο-

207 1509 320 1582 κλέους
352 1511 417 1573 έτι
448 1514 546 1572 νέου
573 1514 744 1583 καθέντος
770 1509 836 1574 κτλ.
883 1514 918 1575 ln
941 1515 1005 1576 vita
1036 1524 1142 1578 autem
1165 1515 1318 1596 Aeschyli
1342 1511 1427 1576 κατά

206 1640 300 1690 τινας
315 1621 377 1699 μὲν
392 1621 545 1702 scriptura
567 1620 713 1683 omnibus
736 1621 872 1702 probata
887 1643 990 1684 rursus
1007 1623 1146 1685 solorum
1170 1623 1426 1706 apographorum
1507 1673 1509 1676 .

208 1735 267 1803 est,
299 1747 371 1790 cum
395 1726 557 1790 Mediceus
581 1722 667 1788 κατά
692 1749 769 1788 τινα
791 1730 853 1807 μὲν
877 1728 1036 1790 exhibeat.
1083 1730 1150 1792 lam
1180 1731 1205 1791 si
1236 1731 1429 1812 reputaveris

206 1832 300 1915 ipsius
323 1834 437 1896 itineris
461 1832 626 1898 Siciliensis
649 1855 724 1916 prae
748 1835 860 1897 ceteris
883 1833 1104 1910 Athenaeum,
1128 1837 1330 1912 Pausaniam,
1355 1837 1426 1899 Plu-

206 1942 348 2004 tarchum
373 1951 518 2004 auctores
543 1942 692 2016 extitisse,
717 1963 781 2004 non
804 1941 962 2005 dubitabis
985 1942 1067 2004 hanc
1090 1964 1217 2025 quoque
1240 1945 1427 2006 memoriam

207 2050 247 2110 ad
285 2048 395 2111 Ionem
433 2069 598 2124 revocare,
637 2050 722 2110 unde
760 2069 830 2110 eam
869 2057 901 2112 et
941 2049 1127 2112 Athenaeus
1166 2060 1198 2113 et
1237 2051 1429 2132 biographus

207 2154 359 2235 Aeschyli
375 2176 431 2236 per
448 2153 729 2218 Chamaeleontem
753 2157 938 2237 acceperint.
973 2155 1030 2218 Illo
1054 2141 1160 2219 autem
1184 2158 1266 2219 vitae
1282 2156 1428 2238 Aeschy-

205 2262 264 2324 liae
301 2262 375 2325 loco
418 2263 475 2323 nisi
509 2262 581 2325 licet
625 2257 712 2324 κατά
751 2283 827 2323 τινα
875 2262 1009 2325 Medicei
1044 2265 1228 2344 scripturam
1275 2265 1316 2326 de
1353 2265 1429 2328 Ione

206 2368 402 2450 intellegere,
442 2369 574 2431 fortasse
613 2390 669 2430 ατι
706 2371 736 2431 in
769 2391 807 2430 ιω
839 2370 966 2432 mutatis
995 2365 1063 2431 κατ’
1090 2366 1190 2431 Ἴωνα
1229 2350 1428 2434 scribendum
1468 2432 1469 2436 ,

207 2476 270 2538 erit.
310 2475 384 2558 Qua
406 2477 436 2537 in
459 2497 493 2538 re
516 2497 580 2538 non
597 2476 753 2539 absonum
777 2489 823 2539 est
846 2477 979 2539 similem
1003 2477 1033 2538 in
1049 2476 1114 2539 vita
1129 2475 1296 2558 Sophoclis
1319 2478 1430 2541 afferre

207 2582 434 2665 corniptelam:
476 2577 640 2662 ἠθοποιεῖ
675 2605 711 2644 τε
746 2585 803 2643 καί
831 2580 999 2644 ποικίλλει
1030 2584 1087 2644 καὶ
1117 2590 1190 2654 τοῖς
1224 2580 1429 2664 ἐπινοήμασι

206 2691 360 2766 τεχνικῶς
396 2690 515 2774 χρῆται
551 2685 723 2773 Ὁμηρικὴν
764 2686 1010 2771 ἐκματτόμενος
1045 2686 1154 2774 χάριν·
1194 2685 1279 2752 ὅθεν
1318 2689 1430 2752 εἰπεῖν

202 2791 393 2858 Ἰωνικόν
423 2817 522 2857 τινα
554 2792 660 2876 μόνον
685 2794 860 2876 Σοφοκλέα
890 2793 1063 2874 τυγχάνειν
1090 2792 1231 2880 Ὁμήρου
1261 2794 1428 2879 μαθητήν,

205 2901 258 2965 ubi
288 2904 337 2965 alii
368 2902 429 2966 alia
457 2913 631 2979 tentarunt,
661 2906 799 2986 itemque
829 2904 903 2966 illud
935 2899 979 2974 τίς
1010 2905 1066 2965 καί
1098 2900 1194 2988 παρά
1218 2926 1284 2965 τινι
1308 2902 1374 2967 κτλ.
1398 2907 1427 2966 in

204 3010 301 3074 schol.
334 3012 376 3072 ad
400 3010 439 3074 O.
465 3011 499 3075 C.
523 3033 551 3073 v.
579 3015 672 3088 1375,
702 3012 756 3073 ubi
779 3014 951 3095 Πρατίναν
979 3011 1148 3092 BergkiuS,
1180 3008 1276 3094 παρὰ
1307 3015 1429 3092 Τίμωνι

205 3104 379 3182 Meinekius
393 3127 635 3202 proposuerunt,
660 3113 905 3201 denique'Yovo'c
930 3138 1022 3178 τινα
1047 3121 1237 3202 συγγραφέα
1253 3118 1428 3198 Phrynich'n

293 3225 346 3287 Ex
373 3227 441 3308 ipsa
463 3246 540 3288 vero
563 3227 628 3288 vita
651 3224 805 3306 Aeschyli
835 3227 984 3308 quoniam
1017 3247 1088 3287 cum
1112 3224 1171 3287 alia
1192 3235 1259 3288 tum
1283 3247 1364 3309 quae
1388 3229 1428 3289 de

204 3333 311 3396 itinere
334 3331 484 3398 Siciliensi
506 3343 670 3395 narrantur
700 3333 742 3394 ad
766 3331 1047 3396 Chamaeleontem
1070 3333 1304 3408 revocavimuS,
1334 3335 1428 3396 etiam

206 3440 400 3522 epigramma
430 3439 518 3514 illud,
549 3441 637 3522 quod
668 3441 710 3501 ad
740 3439 916 3522 sepulcrum
941 3438 1039 3502 Gelae
1069 3439 1186 3502 factum
1217 3439 1355 3517 retertur,
1387 3441 1429 3502 ibi

205 3567 269 3609 non
293 3548 394 3610 minus
418 3568 513 3630 quam
537 3548 567 3609 in
584 3547 742 3610 Athenaei
765 3547 838 3610 loco
861 3567 880 3608 a
904 3546 1152 3610 Chamaeleonte
1175 3548 1343 3629 repetitum
1359 3567 1429 3611 esse

171 3719 176 3729 ,
205 3654 392 3735 putabimus.
440 3653 539 3736 Quod
569 3676 640 3718 cum
672 3655 844 3718 arctissime
874 3655 1079 3736 coniungatur
1110 3675 1181 3717 cum
1212 3664 1289 3716 nota
1312 3653 1362 3716 illa
1385 3654 1427 3716 de

206 3760 358 3842 Aeschyli
389 3771 493 3825 morte
523 3762 654 3842 sabella,
685 3783 780 3845 quam
810 3761 906 3824 etiam
929 3760 1084 3840 Sotades,
1108 3759 1238 3838 Suidas,
1268 3760 1428 3836 Aelianus,

205 3867 336 3944 Plinius,
367 3867 511 3931 Valerius
535 3869 695 3932 Maximus
727 3867 895 3945 exhibent,
927 3878 1060 3950 augetur
1090 3870 1230 3951 quodam
1259 3868 1358 3930 modo
1391 3888 1429 3930 ea

205 3977 347 4057 suspicio,
370 3997 466 4058 quam
490 3975 565 4039 olim
589 3976 738 4038 Lehrsius
761 3977 861 4038 movit
884 3976 1028 4056 quamvis
1050 3996 1162 4058 parum
1186 3977 1302 4038 idonea
1325 3974 1424 4057 expli-

204 4085 326 4146 catione
348 4104 436 4159 usuS,
459 4085 660 4165 desumptam
686 4103 756 4144 eam
781 4103 849 4144 esse
873 4103 915 4143 ex
939 4067 1063 4145 comico
1087 4080 1191 4163 aliquo
1214 4093 1328 4164 poeta,
1353 4104 1426 4145 cum
1460 4115 1463 4121 ·

205 4191 408 4254 Welckerum
432 4191 531 4254 secuti
548 4190 709 4272 Bergkius‚
732 4189 910 4265 TeuffeliuS,
935 4189 1146 4271 Goettlingius
1161 4191 1203 4252 ad
1226 4191 1301 4252 artis
1325 4189 1425 4272 quod-

206 4300 279 4362 dam
311 4298 476 4380 exemplar
507 4297 711 4379 confugerent
746 4298 804 4379 ipsi
841 4318 970 4379 quoque
1005 4297 1048 4359 eis
1079 4298 1125 4358 usi
1157 4295 1426 4378 explicationibus,

205 4427 286 4488 quae
316 4407 445 4481 nemini,
476 4427 518 4468 ex
548 4414 638 4488 parte
669 4426 709 4467 ne
740 4405 812 4486 ipsis
843 4406 971 4486 quidem
1000 4404 1179 4466 auctoribus
1203 4413 1315 4485 postea
1337 4405 1423 4466 satis-

205 4512 352 4576 facerent.
385 4513 492 4576 Potuit
516 4521 623 4576 autem
647 4533 756 4574 ansam
780 4511 931 4593 praebere
955 4511 1043 4574 locus
1059 4511 1280 4573 vexatissimus
1297 4510 1426 4591 Myrmi-

206 4622 324 4684 donum
342 4618 542 4700 Aeschyliae,
558 4640 653 4700 quem
669 4639 711 4682 ex
728 4605 854 4700 optimis
877 4617 1015 4680 fontibus
1031 4619 1075 4680 sic
1090 4617 1249 4679 Nauckius
1272 4618 1424 4681 restituit:

206 4723 264 4787 ἐπ’
298 4722 429 4797 ἀετὸς
470 4725 505 4787 δὲ
537 4721 662 4798 ξουθὸς
691 4720 1031 4809 ίντπαλέκτρύωυ
1070 4719 1183 4796 στάζει
1211 4720 1278 4784 κτλ.
1330 4724 1424 4786 Hunc

205 4837 257 4916 qui
295 4836 405 4897 dicitur
441 4828 544 4903 αότὸς
577 4828 836 4916 ίιιπαλεκτρίων
874 4853 946 4894 cum
977 4842 1009 4895 et
1040 4831 1272 4913 Aristophanes
1303 4831 1427 4914 saepius
