3706 5876
942 516 1164 576 ..26-

528 710 576 773 At
602 718 743 791 praestat
773 711 887 790 opinor
917 708 976 770 alia
1003 707 1182 788 explicandi
1212 707 1271 768 via.
1317 707 1472 768 Nimirum
1501 726 1573 767 cum
1603 706 1660 767 iam

438 828 531 880 extra
554 816 783 879 dubitationem
807 817 945 896 positum
968 814 1008 876 sit
1031 813 1178 876 omnibus
1204 813 1333 875 omnino
1365 809 1599 894 magistratibus
1620 813 1660 872 iu-

438 924 509 986 dicii
525 923 663 1004 pericula
678 923 708 983 in
723 922 897 984 rationibus
913 921 1082 983 reddendis
1098 919 1263 981 subeunda
1279 919 1388 980 fuisse:
1409 938 1479 980 eam
1496 919 1527 979 in
1542 925 1663 1001 partem

438 1029 636 1092 confidenter
651 1029 723 1090 dico
739 1028 922 1110 accipienda
944 1047 1013 1089 esse
1029 1026 1129 1088 verba
1149 1027 1205 1084 καλ
1223 1024 1254 1086 ολ
1271 1021 1333 1094 τοὶς
1349 1019 1497 1094 εὐθύνας
1518 1018 1665 1092 διδόντες

437 1127 573 1195 -είτα
605 1132 788 1213 ἐφίενται
820 1132 880 1203 εἰς
902 1128 945 1193 τὸ
971 1126 1231 1213 δικαστήριον
1253 1130 1302 1200 εἰς
1325 1128 1383 1192 ἕνα
1406 1117 1511 1210 nalo-i.
1557 1131 1665 1210 Itaque

437 1241 526 1322 quod
557 1239 691 1323 logistae
722 1249 754 1302 et
777 1240 927 1319 synegori
959 1233 1156 1320 ἀνακρίνειν
1185 1239 1331 1300 dicuntur
1354 1239 1569 1318 magistratus,
1593 1234 1666 1297 nihil

437 1346 520 1409 aliud
544 1355 593 1409 est
616 1348 673 1408 nisi
697 1366 834 1407 examen
858 1345 898 1407 ab
922 1345 979 1407 illis
1001 1346 1177 1406 institutum
1202 1366 1267 1425 quo
1289 1345 1320 1406 in
1343 1365 1393 1406 res
1413 1345 1455 1406 ab
1471 1362 1665 1424 unoquoque

438 1453 624 1533 magistratu
648 1461 754 1533 gestas
775 1453 985 1533 pecuniasque
1009 1459 1156 1532 acceptas
1176 1460 1209 1512 et
1224 1461 1373 1531 erogatas
1389 1452 1578 1531 inquirerent
1594 1458 1665 1510 ante

437 1578 534 1638 quam
564 1557 725 1620 hominem
757 1557 787 1619 in
816 1559 962 1620 iudicium
991 1558 1185 1619 deducerent
1198 1561 1228 1630 ¹).
1275 1557 1385 1637 Atque
1416 1555 1480 1619 hoc
1510 1564 1545 1618 ut
1567 1557 1611 1617 ita
1632 1575 1665 1616 se

437 1664 556 1727 habere
578 1685 637 1747 pro
661 1673 750 1726 certo
774 1664 849 1727 mihi
872 1665 919 1739 sit,
942 1665 973 1726 in
997 1665 1104 1745 primis
1132 1665 1205 1725 iacit
1232 1664 1429 1744 comparatio
1454 1662 1663 1742 δοκιμασίας,

437 1791 519 1852 quae
542 1781 660 1852 quanta
684 1770 835 1832 affinitate
858 1772 1026 1832 coniuncta
1041 1771 1080 1831 sit
1095 1791 1168 1832 cum
1193 1762 1368 1850 εὐθύναις,
1392 1770 1519 1831 abunde
1535 1769 1663 1829 demon·

436 1885 553 1938 strasse
577 1876 651 1938 mihi
676 1879 793 1939 videor.
840 1877 886 1938 Ibi
917 1877 1001 1938 enim
1025 1875 1252 1938 vocabulorum
1286 1871 1484 1959 ἀνακρίνειν
1508 1871 1581 1946 (τὸν
1606 1869 1663 1957 ἄρ·

436 1987 570 2060 χυντα),
595 1978 773 2065 ἀνάκρισις
796 1983 941 2064 proprius
965 1991 1013 2044 est
1037 2003 1110 2043 usus
1135 1984 1175 2044 de
1199 2003 1238 2044 eo
1263 1984 1410 2044 examine
1432 1983 1520 2063 quod
1544 1983 1574 2042 in
1594 2002 1663 2062 pro·

437 2089 566 2151 batione
598 2091 838 2170 magistratuum
870 2091 985 2151 institui
1008 2089 1133 2170 publice
1157 2089 1281 2152 solebat
1311 2091 1396 2171 prius
1426 2109 1523 2170 quam
1550 2089 1664 2150 iudices

436 2195 584 2276 suffragia
618 2195 778 2272 ferrent.²)
831 2195 867 2256 ln
903 2197 1017 2258 iudicio
1055 2195 1291 2258 thesmothetae
1330 2197 1371 2257 de
1407 2196 1472 2257 vita
1509 2194 1665 2275 rebusque

436 2302 564 2384 privatis
588 2303 654 2364 eius
677 2303 730 2383 qui
752 2323 862 2364 recens
886 2302 1004 2364 electus
1027 2311 1108 2378 erat,
1134 2301 1345 2383 quaerebant3
1379 2301 1430 2364 ille
1452 2301 1665 2383 respondebat

437 2409 478 2470 de
501 2408 638 2490 singulis,
662 2402 856 2471 documenta
879 2429 1006 2490 quoque
1022 2410 1047 2470 si
1063 2429 1128 2489 quo
1151 2429 1231 2490 opus
1249 2418 1333 2471 esset
1356 2408 1537 2470 adhibebat.
1567 2407 1665 2471 Vides

437 2523 633 2596 quantopere
661 2535 703 2576 ex
734 2515 824 2576 huius
855 2516 985 2577 instituti
1016 2515 1138 2577 ratione
1169 2516 1411 2577 commendetur
1442 2515 1547 2576 similis
1580 2509 1666 2574 a'voi·

438 2635 545 2703 κρισις
565 2630 640 2703 post
665 2620 802 2683 officium
826 2621 1017 2683 exhaustum
1042 2621 1125 2703 apud
1142 2621 1272 2702 logistas
1288 2623 1421 2702 agenda.
1433 2625 1455 2694 3)
1486 2622 1572 2686 Inter
1586 2622 1666 2684 hanc

440 2851 506 2905 Tim.
528 2851 541 2902 l
563 2840 633 2912 ἦσαν
657 2845 684 2902 δ’
706 2847 750 2902 ἐπὶ
773 2846 876 2902 τούτων
894 2847 1065 2922 ᾑρημένοι
1084 2849 1205 2920 λογισταί
1229 2850 1294 2902 δέκα
1313 2845 1362 2903 τὸν
1381 2846 1514 2922 ἀριθμόν.
1529 2879 1564 2887 -
1582 2851 1667 2916 Neque

437 2955 496 2988 vero
521 2939 656 3002 sequendus
682 2940 786 2988 Meierus
823 2939 864 3003 qul
895 2955 925 2988 ex
951 2941 1027 2988 verbo
1059 2935 1201 3007 αἱροῦνται
1231 2940 1324 2989 efficiat
1354 2940 1533 3004 suffragiis
1565 2940 1666 3004 logistas

437 3032 533 3076 creatos
555 3043 606 3076 esse
631 3028 744 3092 idemque
769 3028 891 3078 concedat
909 3020 1088 3092 lexicographo
1108 3027 1165 3091 Seg.
1185 3044 1210 3091 p.
1230 3025 1283 3079 276
1302 3034 1325 3076 et
1344 3028 1497 3093 Etymologo
1516 3029 1551 3080 M,
1571 3045 1596 3092 p.
1616 3008 1667 3080 569

436 3117 623 3181 posteriore
642 3121 722 3166 aetate
745 3122 809 3166 sorte
828 3117 907 3164 iactos
927 3118 1035 3180 (Fragm.
1056 3116 1102 3168 lex.
1121 3118 1182 3167 rhet.
1203 3134 1227 3181 p.
1248 3117 1322 3165 XXII
1341 3133 1364 3169 n.
1383 3117 1420 3167 Id.
1442 3116 1602 3166 Schoemann
1623 3117 1666 3168 Gr.

436 3207 486 3257 Alt.
506 3206 537 3254 1³
555 3203 628 3268 432).

530 3294 556 3358 1)
577 3293 729 3358 Suffragatur
747 3293 806 3342 illud
826 3290 966 3362 ἔφίενταιι
997 3309 1045 3357 quo
1064 3294 1141 3342 verbo
1165 3295 1265 3358 proprIe
1289 3300 1386 3343 utuntur
1411 3295 1441 3344 de
1460 3311 1486 3342 re
1505 3295 1538 3342 ab
1557 3295 1607 3343 alio
1628 3295 1668 3342 tri-

438 3382 522 3431 bunali
542 3383 574 3431 ad
593 3383 659 3432 aliud
679 3382 852 3434 transferenda.
892 3383 1006 3431 Ceterum
1026 3383 1119 3431 iudices
1145 3398 1217 3430 unum
1237 3389 1260 3430 et
1279 3384 1424 3446 quingentos
1440 3411 1470 3420 -
1485 3399 1548 3447 quae
1568 3383 1667 3432 decuria

438 3487 486 3519 una
505 3476 540 3520 est
560 3498 593 3506 -
614 3473 645 3520 ab
665 3472 724 3536 ipsis
748 3472 843 3535 logistis
868 3477 933 3520 sorte
959 3471 1046 3519 ductos
1071 3487 1123 3520 esse
1141 3472 1299 3535 grammatici
1319 3477 1435 3525 asserunt.
1473 3473 1505 3524 ci.
1525 3473 1586 3522 Lex.
1607 3473 1665 3536 Seg.

438 3577 463 3624 p.
484 3558 535 3612 245
556 3560 587 3613 al.
613 3561 679 3625 apud
702 3561 855 3610 Boeckhium
880 3561 944 3612 Mus.
963 3562 1000 3612 rh.
1020 3561 1031 3609 1
1051 3558 1093 3612 74.
1114 3557 1365 3626 Sraarsn.1270b,
1389 3561 1430 3624 qui
1450 3561 1481 3609 de
1503 3577 1532 3609 ea
1551 3576 1577 3609 re
1596 3562 1667 3610 dubi·

442 3654 495 3698 tare
515 3649 609 3698 videtur
628 3646 703 3717 (reete
721 3649 830 3698 defendit
850 3650 928 3697 Meier
945 3652 997 3702 Art.
1017 3649 1061 3699 Pr.
1081 3666 1106 3713 p.
1128 3647 1197 3714 134).

528 3752 555 3820 2)
580 3755 612 3806 ci.
631 3755 716 3804 Pollux
737 3753 858 3806 vl1186.
896 3756 956 3806 Lex.
976 3755 1094 3806 Cantabr.
1114 3772 1138 3819 p.
1159 3753 1211 3805 344
1235 3755 1324 3804 Nauck
1347 3771 1370 3805 v.
1393 3755 1577 3825 (θεσμοθετῶν
1600 3751 1668 3808 ‹lvct-

437 3859 530 3916 κρισις.
568 3844 664 3893 Hefller
685 3843 863 3906 Grrichtsvcrs.
884 3841 982 3908 12368.
1020 3845 1162 3894 MeierAtt.
1177 3844 1221 3896 Pr.
1240 3861 1265 3908 p.
1278 3841 1338 3896 203.
1377 3845 1456 3907 Atque
1475 3847 1499 3892 in
1519 3844 1669 3914 δοκιμασίᾳ

437 3948 535 3997 quoque
559 3948 671 3981 numerus
696 3933 833 3981 ordinarius
859 3934 1035 3997 quingenorum
1060 3932 1170 3981 iudicum
1192 3933 1265 3981 fuisse
1289 3933 1398 3988 videtur3
1432 3939 1497 3983 certe
1521 3935 1564 3982 ubi
1590 3935 1670 3998 agkur

438 4021 469 4070 de
484 4021 582 4070 civitate
595 4021 668 4070 alicui
682 4021 773 4087 danda,
792 4022 940 4086 praecipitur
958 4017 1019 4078 τοὺς
1037 4019 1066 4073 dt
1080 4020 1256 4091 θεσμοθέτας
1274 4015 1342 4074 ὅταν
1360 4019 1469 4092 πρῶτον
1488 4013 1547 4074 οἶόν
1559 4019 1586 4074 τ’
1602 4013 1666 4094 ᾖείς

436 4106 497 4166 τους
515 4109 709 4167 πεντακοσίους
722 4107 852 4168 δικαστὰς
865 4109 1025 4179 εἰσαγαγεῖν
1043 4105 1117 4178 αὐτῷ
1130 4105 1178 4173 τὴν
1191 4108 1373 4178 δοκιμασίανι
1394 4111 1517 4174 Rangabe'
1533 4118 1587 4162 ant.
1601 4113 1668 4163 Hell.

436 4214 460 4247 n.
480 4195 540 4249 493.
560 4198 591 4249 ci.
612 4196 672 4249 523.

525 4284 552 4351 3)
572 4289 618 4336 Pro
638 4288 750 4353 exemplo
775 4305 827 4338 esse
851 4287 1038 4352 quodammodo
1064 4292 1143 4352 potest
1167 4287 1298 4338 Demosth.
1318 4287 1350 4336 de
1367 4289 1417 4340 FL.
1438 4285 1486 4340 82:
1513 4287 1591 4341 τοῦτο
1613 4287 1669 4361 γάρ

434 4373 488 4428 εἰσι
509 4374 653 4448 πρεσβείας
675 4369 804 4430 εὔθυναι·
831 4377 857 4429 τί
881 4377 1048 4449 πέπρακται,·
1071 4375 1098 4428 τί
1117 4371 1296 4443 ἀπήγγειλαςς
1321 4375 1416 4443 εἰμὲν
1439 4372 1542 4440 ἀληθῆ,
1567 4374 1668 4447 σῴζου·

434 4463 458 4517 εἰ
472 4464 502 4516 δὲ
515 4463 611 4530 ψευδῆ,
625 4464 703 4527 δίκην
716 4461 769 4523 δός.
795 4467 833 4518 lb.
845 4467 860 4527 ξ
873 4465 889 4516 4
902 4466 1045 4534 σκέψασθε
1059 4459 1120 4536 παρ’
1136 4462 1202 4533 ὑμῖν
1216 4459 1315 4523 αὐτοῖς,
1329 4454 1351 4515 ὦ
1363 4458 1390 4517 ἄ.
1405 4465 1438 4524 ιλ,
1451 4465 1497 4517 καὶ
1509 4465 1668 4534 λογίσασθε,

433 4552 516 4606 τίνων
526 4549 654 4625 προσήκει
672 4553 704 4624 τῇ
723 4550 799 4606 πόλει
817 4550 899 4621 λόγον
910 4537 985 4626 παρὰ
1005 4551 1169 4625 πρεσβευτοῦ
1187 4552 1298 4620 λαβεῖν·
1318 4554 1426 4626 πρῶτον
1445 4553 1499 4623 μὲν
1517 4555 1611 4607 τοίνυν
1630 4545 1669 4607 ὦν

434 4638 588 4710 ἀπήγγειλε,
608 4638 733 4714 δεύτερον
753 4642 781 4695 δὲ
795 4634 834 4695 ὦν
853 4641 942 4696 ἔπεισε
956 4641 1065 4715 (ἔπραξε
1079 4645 1160 4693 Anon.
1176 4643 1253 4710 Sep),
1273 4643 1365 4715 τρίτον
1384 4643 1413 4696 δὲ
1427 4631 1465 4694 ὦν
1484 4640 1668 4715 προσετάξατε

435 4726 512 4798 αὐτῷ
531 4732 585 4782 κτλ.
623 4731 654 4784 cs.
673 4733 755 4784 Anon.
777 4731 833 4796 Seg.
854 4749 879 4796 p.
900 4729 959 4784 185.
974 4730 1034 4786 201.
