3706 5876
824 1669 961 1716 Aooennn
981 1680 1015 1716 nr
1035 1668 1217 1716 Connronnnn

401 2011 430 2067 p.
455 2007 481 2052 tt
496 2022 520 2056 n,
543 2006 556 2053 '2
577 2003 611 2054 in.
632 2006 692 2058 add,
724 2005 785 2057 Plut.
800 2006 856 2057 Nic.
878 2007 892 2056 6
912 2001 943 2063 ὃς
962 2007 1008 2070 (sc.
1026 2002 1138 2076 Πάχης)
1159 2002 1280 2064 εὐθύνας
1300 2001 1452 2077 διδοὺς-τῆς
1470 2007 1634 2078 στρατηγίας

443 2089 479 2144 ἒν
499 2088 587 2161 αὐτῷ
605 2092 649 2162 τῷ
670 2091 883 2165 δικαστηρίῳ
903 2091 1083 2162 σπασάμενος
1101 2095 1181 2164 ξίφος
1200 2091 1305 2147 ἀνεῖλεν
1324 2091 1430 2147 ἔαυτόν.

401 2188 430 2244 p.
455 2184 482 2232 15
503 2197 529 2235 n.
548 2198 571 2232 v.
591 2182 620 2231 12
639 2199 703 2256 corr,
722 2199 747 2246 p.
768 2183 801 2233 28
821 2199 845 2236 n.
867 2186 890 2236 2.
1315 2185 1340 2247 j

401 2278 429 2334 p.
451 2271 483 2320 32
503 2287 529 2324 n.
550 2272 574 2324 2.
613 2271 763 2334 Oropiorum
789 2266 933 2344 συνήγοροι
957 2272 1005 2336 τῆς
1027 2269 1130 2330 πόλεως
1155 2276 1238 2338 (supra
1256 2270 1282 2337 p.¹
1301 2276 1314 2323 ἵ
1336 2290 1360 2328 n,
1384 2271 1407 2337 1)
1431 2279 1474 2322 c'ur
1497 2274 1559 2322 mihi
1584 2275 1632 2322 huc

442 2359 562 2423 pertinere
581 2375 630 2406 non
649 2359 784 2420 videantur,
805 2361 854 2408 alio
873 2361 930 2409 loco
950 2378 1080 2425 exponam.

356 2455 358 2459 '
401 2454 422 2510 p
450 2449 483 2498 32
502 2464 528 2502 n,
549 2448 573 2500 3.
612 2447 732 2496 Chiorum
751 2463 847 2512 quoque
872 2449 1024 2498 innotuerunt
1044 2447 1188 2509 ἐξετασταί
1204 2467 1233 2498 ex
1252 2450 1411 2514 inscriptione
1435 2451 1501 2500 edita
1520 2451 1545 2500 in
1563 2452 1633 2502 Actis

442 2549 539 2588 mensrr.
559 2537 629 2588 acad.
651 2537 731 2588 Berol.
751 2553 774 2591 a.
799 2538 863 2588 1863
883 2553 907 2600 p.
928 2539 976 2588 265
997 2556 1031 2602 sq.

1483 2629 1513 2682 R,
1535 2628 1560 2682 S.

402 2845 430 2900 p.
452 2839 485 2888 40
498 2853 551 2901 sqq.
583 2840 645 2886 Cum
666 2839 698 2886 ab
717 2839 787 2887 huius
799 2839 939 2902 scriptionis
958 2841 1061 2889 consilio
1076 2841 1182 2889 alienum
1192 2840 1269 2889 visum
1290 2841 1319 2888 sit
1337 2841 1399 2888 locis
1419 2841 1633 2890 omnibusdiserte

442 2927 525 2974 citatis
537 2942 639 2974 onerare
658 2927 857 2990 disputationem,
877 2929 1005 2992 plerosque
1018 2935 1041 2978 et
1059 2937 1167 2978 veterum
1180 2929 1326 2992 scriptorum
1346 2934 1369 2978 et
1382 2929 1544 2978 recentiorum
1562 2929 1632 2978 locos

403 3009 414 3032 x
442 3014 579 3063 accuratius
597 3014 718 3062 indicatos
738 3031 789 3064 esse
813 3032 904 3084 moneo
923 3017 947 3064 in
973 3033 1002 3065 ea
1026 3033 1100 3082 quam
1125 3018 1222 3082 saepius
1245 3018 1382 3066 memoravi
1401 3017 1546 3066 collectione
1566 3018 1630 3066 testi-

441 3103 580 3151 moniorum
600 3103 695 3151 adnexa
714 3104 842 3152 Ritschelii
862 3104 964 3153 editioni
983 3105 1081 3154 fabulae
1101 3105 1167 3169 Sept.
1188 3124 1201 3154 c
1231 3106 1278 3156 Th.

1484 3193 1512 3245 F.
1533 3194 1559 3244 S.

803 4836 873 4888 't'ypis
888 4836 980 4879 Fischer
995 4835 1014 4878 δι
1029 4835 1121 4889 Wittig‚
1139 4835 1234 4890 Lipsiae.
