3706 5876
933 579 1154 640 -32-

430 751 545 835 quibus
560 754 717 816 rationum
734 754 860 836 publice
876 755 1144 836 reposcendamm
1159 775 1234 817 cura
1249 765 1325 818 erat
1356 752 1538 840 Συνηγοροι
1553 766 1662 819 autem

430 858 627 941 appellantur
656 879 721 921 non
751 870 787 922 ut
818 860 1003 941 logistarum
1034 862 1245 923 advocati-
1273 864 1441 943 quomodo
1468 862 1662 925 intellexisse

429 987 505 1028 sane
528 967 652 1028 videtur
675 975 786 1028 auctor
809 966 902 1029 lexici
925 965 999 1048 Seg.
1018 966 1038 1028 l
1058 989 1085 1030 c
1109 967 1145 1029 οἳ
1165 973 1237 1038 τοῖς
1260 964 1429 1048 λογισταῖς
1452 965 1662 1050 ἐβοήθουν

428 1075 650 1156 interpretatus
673 1075 798 1136 -sed
822 1083 857 1135 ut
880 1074 1025 1148 civitatis,
1052 1094 1149 1155 quem
1173 1076 1215 1136 ad
1238 1077 1372 1138 modum
1396 1081 1590 1159 συνηγορεῖν
1612 1077 1659 1156 τῷ

429 1178 521 1262 δήμῳ
542 1182 688 1244 dicuntur
711 1181 742 1241 in
763 1179 857 1241 titulo
880 1181 981 1242 modo
1004 1180 1118 1243 allato:
1153 1183 1206 1262 qui
1238 1183 1316 1244 dum
1345 1183 1586 1263 magistratuum
1609 1203 1659 1244 ra-

427 1291 531 1354 tiones
554 1288 746 1361 examinant,
769 1285 878 1368 populi
901 1307 1029 1348 causam
1052 1297 1160 1368 agunt.
1206 1288 1291 1350 Nam
1314 1309 1387 1350 cum
1409 1299 1659 1352 consentaneum

428 1407 477 1460 est
506 1416 572 1457 non
601 1394 691 1455 aliter
721 1401 941 1474 comparatum
978 1413 1049 1456 esse
1078 1393 1142 1454 hoc
1171 1415 1291 1456 nomen
1326 1404 1423 1476 atque
1452 1395 1658 1474 syndicorum

425 1502 577 1566 fiscalium
610 1499 787 1579 dequibus
809 1519 910 1580 nuper
933 1499 984 1580 egi
997 1500 1026 1575 ¹),
1056 1507 1126 1561 tum
1157 1499 1361 1562 confirmatur
1393 1502 1453 1562 ista
1483 1503 1564 1564 ratio
1595 1500 1658 1562 alio

425 1608 607 1672 Aristotelis
645 1605 727 1668 loco.
782 1603 845 1686 Qui
877 1606 919 1666 de
949 1606 1186 1686 magistratibus
1217 1607 1248 1667 in
1278 1609 1458 1669 universum
1494 1609 1659 1689 disputans

425 1717 456 1778 in
486 1715 686 1798 politicorum
716 1711 797 1774 libro
831 1715 847 1773 7
875 1713 937 1787 (6),
962 1715 998 1786 8,
1026 1715 1065 1775 10
1093 1734 1124 1794 p.
1145 1713 1254 1774 13221)
1288 1713 1367 1774 haec
1402 1715 1537 1795 profert:
1579 1712 1658 1774 ἐπεὶ

426 1816 461 1883 δ’
486 1820 576 1882 ἔνιαι
598 1820 665 1879 τῶν
689 1813 811 1901 ἀρχῶν,
835 1814 867 1876 εἰ
890 1819 948 1877 καὶ
970 1817 1015 1898 μὴ
1036 1820 1168 1893 πᾶσαι,
1192 1817 1433 1903 διαχειρίζουσι
1455 1816 1568 1880 πολλὰ
1589 1822 1659 1881 τῶν

425 1929 561 2002 κοινῶν,
597 1921 780 2004 ἀναγκαῖον
811 1922 930 2007 ἑτέραν
965 1917 1055 1985 εἶναι
1085 1922 1142 2004 τὴν
1179 1922 1373 2011 ληψομένην
1411 1921 1569 2006 λογισμὸν
1599 1928 1659 1987 καὶ

425 2033 743 2117 προσευθυνοῦσαν,
768 2025 870 2110 αὐτὴν
884 2033 995 2112 μηθὲν
1019 2030 1290 2114 διαχειρίζουσαν
1306 2029 1436 2115 ἕτερον·
1461 2029 1603 2094 καλοῦσι
1619 2031 1658 2093 δὲ

424 2135 562 2210 τούτους
591 2135 632 2199 ol
660 2141 738 2218 μὲν
767 2132 1001 2212 εὐθύνους,
1035 2136 1075 2199 ol
1108 2137 1151 2198 δὲ
1176 2135 1407 2218 λογιστάς,
1440 2139 1481 2200 ol
1505 2135 1538 2200 δ’
1566 2137 1658 2210 ἐξε-

424 2241 607 2320 ταστάς,
639 2244 679 2306 οἱ
709 2243 751 2305 δὲ
781 2240 1060 2328 συνηγόρους.
1108 2244 1184 2326 Quo
1208 2245 1280 2308 loco
1304 2266 1345 2307 ne
1368 2247 1497 2326 cogitari
1526 2247 1657 2328 quidem

424 2362 531 2436 potest
563 2354 604 2415 de
631 2351 763 2434 publicis
793 2353 825 2413 in
847 2353 972 2414 actione
1002 2353 1159 2414 rationum
1190 2350 1426 2414 referendarum
1455 2353 1654 2416 oratoribus:

423 2462 482 2523 sed
512 2479 641 2542 prorsus
671 2479 713 2520 ex
743 2479 847 2539 aequo
887 2478 959 2520 cum
992 2458 1113 2538 logistis
1143 2457 1291 2537 euthynis
1322 2459 1475 2520 exetastis
1506 2459 1657 2541 synegori

424 2574 628 2628 numerantur
658 2565 739 2626 inter
770 2565 973 2644 magistratus
1003 2565 1046 2626 ad
1074 2565 1212 2626 rationes
1244 2565 1434 2645 repetendas
1457 2567 1658 2628 constitutos,

423 2671 535 2753 Atque
556 2671 588 2732 in
611 2671 659 2733 his
682 2691 811 2753 quoque
826 2669 1041 2732 Athenienses
1064 2671 1204 2752 inprimis
1226 2670 1269 2731 ab
1286 2670 1460 2733 Aristotele
1483 2672 1594 2752 respici
1616 2692 1658 2734 ea

422 2778 521 2840 fidem
545 2777 660 2840 iaciunt
684 2798 767 2859 quae
790 2776 831 2838 de
854 2778 974 2839 eisdem
999 2777 1086 2838 idem
1109 2777 1140 2838 in
1162 2776 1244 2838 libro
1273 2779 1315 2839 de
1337 2776 1582 2839 Atheniensium
1605 2798 1654 2840 re·
1730 2835 1733 2844 ,

422 2884 548 2967 publica
579 2884 736 2966 exposuit.
783 2882 988 2964 Quamquam
1019 2905 1085 2946 non
1113 2904 1197 2964 nego
1225 2883 1300 2945 talia
1327 2882 1504 2946 officiorum
1527 2885 1657 2947 nomina

423 2993 509 3074 apud
533 2991 610 3053 alios
626 3011 754 3072 quoque
771 2991 801 3052 in
818 3011 875 3051 usu
891 2989 984 3052 fuisse
992 2991 1033 3073 ²):
1060 2990 1192 3052 aliorum
1217 2998 1303 3051 certe
1326 2989 1451 3051 suerunt
1466 2989 1655 3065 ἐξετασταὶ,

423 3103 534 3179 quales
566 3106 752 3179 comparent
783 3098 813 3158 in
836 3095 1088 3176 Smyrnaeorum
1117 3096 1368 3175 Erythraeorum
1397 3096 1654 3160 Halicamassen-

418 3206 502 3266 sium
526 3203 631 3266 titulis.
644 3205 667 3284 ³)

509 3327 658 3392 Ceterum
691 3328 759 3409 ipsa
786 3327 999 3408 appellatione
1029 3329 1180 3407 synegori
1203 3328 1277 3398 satis
1301 3327 1468 3402 indicatur,
1499 3337 1654 3408 quantum

418 3434 631 3497 Athenienses
664 3435 692 3495 ei
723 3435 844 3496 muneri
874 3434 1047 3496 tribuerint
1101 3435 1258 3496 Nimirum
1277 3417 1333 3495 ⁴ex
1361 3454 1426 3515 quo
1457 3435 1488 3495 in
1519 3436 1654 3517 sapienti

418 3541 688 3603 administratione
709 3541 817 3603 aerarii
837 3539 1038 3621 vectigalium
1055 3542 1214 3602 redituum
1230 3540 1428 3622 publicorum
1446 3542 1490 3602 rei
1505 3541 1654 3622 publicae

417 3667 533 3708 nervos
563 3656 660 3727 atque
687 3655 773 3708 artus
804 3655 949 3709 constare
972 3648 1133 3722 didicerat,
1156 3647 1294 3728 populus
1321 3648 1524 3729 pecuniarum
1547 3647 1651 3729 publi-

417 3773 525 3815 carum
556 3754 743 3816 acerrimum
777 3753 943 3815 custodem
973 3762 1005 3814 et
1035 3764 1222 3815 exactorem
1250 3773 1320 3815 sese
1350 3753 1542 3834 praebebat3
1577 3774 1650 3835 gra-

509 3948 534 4011 l)
555 3948 715 4012 Quaestiones
734 3947 830 3997 fiscales
848 3948 906 3998 iuris
923 3948 1002 3998 Attici
1019 3965 1045 4012 p.
1059 3945 1084 4000 6.

506 4035 533 4101 2)
552 4038 585 4088 Ut
603 4037 710 4102 legistae
728 4037 882 4086 inveniuntur
899 4037 966 4086 Issae
984 4037 1009 4086 in
1028 4036 1106 4090 insula
1125 4035 1184 4086 CIG
1201 4037 1226 4085 11
1246 4033 1331 4088 1834:
1358 4031 1523 4108 ἀναγράψαι
1542 4033 1582 4102 dii
1600 4035 1651 4088 καὶ

414 4121 485 4194 τούς]
510 4121 636 4193 λογιστὰς
656 4121 686 4177 ια’
712 4121 807 4195 δόγμα
830 4123 911 4177 τοῦτο
937 4121 965 4183 ἒς
988 4121 1048 4192 τ[ο“ν
1066 4120 1211 4194 nymph
1232 4120 1282 4176 τὸν
1298 4121 1466 4193 λογιστικόν·
1496 4125 1557 4173 item
1581 4125 1651 4189 apud

415 4216 509 4264 Tenios
527 4215 632 4279 legistae
651 4221 699 4263 tres
710 4215 722 4262 Ι
735 4230 759 4266 n.
773 4212 915 4266 202—206
935 4213 977 4280 (cs.
990 4215 1015 4262 11
1027 4231 1052 4278 p.
1066 4211 1143 4282 250);
1164 4214 1196 4262 de
1209 4213 1369 4262 Gambreotis
1386 4214 1437 4262 vid.
1452 4228 1525 4278 supra
1537 4229 1563 4276 p.
1574 4211 1609 4264 25
1622 4228 1649 4265 n.

414 4303 538 4353 Iliensium
551 4308 701 4352 memoratur
713 4298 866 4370 ἕκλογιστὴς
879 4301 939 4351 ClG
953 4303 977 4350 Π
996 4301 1074 4356 3599.
1089 4330 1123 4339 -
1135 4303 1218 4351 Alieni
1231 4308 1314 4351 autem
1327 4309 1351 4351 et
1364 4303 1527 4366 collegiorum
1539 4302 1648 4366 legistae

413 4410 437 4444 n.
458 4389 564 4454 2525b,
585 4389 627 4446 54.
647 4389 725 4444 2529.
745 4390 823 4444 2741.
843 4389 912 4443 2933
933 4397 994 4458 etc,
1019 4397 1043 4440 et
1061 4392 1165 4456 logistae
1183 4392 1280 4440 urbium
1299 4397 1424 4441 curatores
1442 4390 1595 4455 imperatorii
1615 4391 1650 4441 de

413 4482 500 4546 quibus
518 4481 568 4531 vid.
583 4481 727 4545 Marquardt
745 4487 808 4532 rb'm.
823 4481 986 4531 Staatsvmo.
1006 4481 1018 4528 I
1037 4478 1098 4531 487.

503 4567 530 4638 3)
549 4569 608 4619 ClG
625 4567 748 4633 113137‚
772 4567 808 4622 48
826 4586 862 4634 sq.
882 4566 924 4622 88.
961 4569 992 4620 Ε.
1013 4569 1110 4618 Curtius
1135 4569 1222 4620 anecd.
1241 4569 1335 4634 Delph.
1353 4585 1377 4621 n.
1397 4564 1441 4621 68.
1460 4565 1502 4621 69.
1543 4566 1603 4616 CIG
1620 4569 1647 4617 11

413 4657 497 4721 2656,
517 4657 560 4712 32.
597 4661 824 4723 Lampsacenorum
848 4663 902 4707 sunt
927 4655 1040 4710 ἒτασταὶ
1065 4655 1168 4719 36416,
1187 4655 1232 4709 42.
1268 4657 1386 4707 Eiusdem
1411 4657 1507 4721 generis
1530 4657 1647 4706 videntur

412 4765 464 4798 esse
483 4744 590 4820 ἔρευταί
610 4749 637 4814 (ἰ.
656 4764 677 4800 e.
697 4745 853 4820 ἐρευνηταὶ;
880 4748 983 4796 traditur
1008 4747 1184 4813 EIEYTAI)
1212 4748 1285 4800 inser.
1309 4746 1384 4795 Dreri
1408 4745 1496 4810 oppidi
1520 4745 1646 4795 Cretensis

411 4837 500 4888 Philol.
519 4837 556 4885 IX
576 4834 628 4889 694
646 4837 694 4888 col.
713 4837 758 4887 IV.
