3706 5876
953 515 1164 575 -40-

533 658 630 751 Vitae
654 689 815 769 Aeschyli,
838 711 920 771 quae
943 691 1008 752 eius
1032 690 1143 753 sabulis
1166 691 1323 773 praemitti
1346 690 1437 764 solet,
1461 691 1530 772 quis
1554 698 1666 751 auctor

442 798 549 872 suerit,
581 777 645 858 iure
668 796 837 858 Teuffclius
866 797 944 858 dixit
978 798 1071 858 etiarn
1104 807 1177 879 post
1201 798 1357 860 Francisci
1379 797 1492 860 Ritteri
1516 805 1667 858 conatum

445 905 475 964 in
499 903 608 966 haere
631 925 695 966 non
711 905 813 965 minus
836 924 932 984 quam
957 905 985 964 in
1011 904 1075 965 aliis
1091 904 1244 968 infelicem
1268 905 1413 985 ignotum
1437 923 1515 964 esse.
1553 902 1667 964 Ritteri

443 1021 550 1072 autem
575 1011 681 1090 opinio
698 1009 747 1072 vel
771 1011 844 1072 ideo
861 1010 1152 1093 intprobandaest,
1170 995 1263 1096 quod
1287 1010 1336 1072 ille
1358 1031 1430 1072 cum
1453 1009 1521 1071 aliis
1544 1012 1586 1070 de
1602 1010 1669 1070 vita

443 1137 485 1178 ex
509 1117 661 1198 ampliore
685 1118 913 1178 commentario
938 1120 967 1178 in
991 1117 1116 1178 brevius
1140 1127 1250 1178 coacta
1273 1117 1440 1198 cogitavit,
1464 1138 1536 1178 cum
1560 1116 1667 1178 rectis-

442 1225 521 1285 sime
545 1224 807 1286 Westermannus
830 1224 1046 1285 observaverit
1069 1241 1111 1285 ex
1135 1224 1195 1286 hac
1222 1222 1423 1305 'potissimum
1447 1223 1512 1283 vita
1534 1205 1669 1304 perspici

443 1350 554 1410 posse,
578 1339 671 1412 prout
694 1331 819 1392 occasio
842 1339 926 1392 esset
949 1329 1139 1405 adnotandi,
1162 1330 1239 1392 alios
1263 1328 1322 1391 alia
1344 1351 1403 1412 pro
1428 1317 1493 1391 sua
1507 1350 1668 1410 quemque

444 1439 618 1498 eruditione
642 1436 834 1517 marginibus
857 1438 1074 1518 adscripsisse,
1105 1458 1185 1518 quae
1217 1446 1330 1518 postea
1360 1435 1473 1498 librarii
1498 1437 1538 1497 de
1562 1455 1667 1496 rerum

443 1543 554 1604 ordine
585 1543 640 1622 ipsi
672 1564 799 1625 quoque
830 1565 941 1626 parum
973 1542 1093 1606 solliciti
1124 1544 1154 1605 in
1179 1543 1349 1604 verborum
1380 1550 1534 1603 contextu
1566 1542 1665 1603 conti-

443 1657 582 1710 nuarent.
630 1649 789 1730 Quocirca
812 1649 886 1711 mihi
910 1671 973 1712 non
997 1660 1063 1712 tam
1087 1650 1155 1730 quis
1179 1658 1289 1710 auctor
1312 1648 1409 1723 fuerit,
1433 1667 1529 1728 quam
1552 1647 1667 1728 quibus

443 1754 584 1836 singulae
608 1765 713 1837 partes
736 1757 873 1818 nitantur
896 1757 1085 1831 auctoribus,
1108 1756 1324 1837 quaerendum
1349 1775 1417 1817 esse
1441 1755 1572 1816 videtur.

534 1861 616 1922 Nam
638 1862 744 1924 statim
769 1862 810 1923 ab
834 1863 920 1923 initio
936 1882 1007 1923 cum
1024 1862 1113 1924 brevi
1128 1871 1160 1924 et
1175 1862 1316 1944 praecisa
1329 1861 1472 1923 oratione
1495 1861 1669 1941 praemissa

444 1967 484 2028 sit
507 1969 630 2047 generis
659 1969 841 2049 patriaeque
866 1967 1018 2047 Aeschyli
1049 1969 1189 2044 notatio,
1221 1969 1296 2029 satis
1327 1966 1432 2048 ampla
1464 1987 1502 2028 ac
1532 1967 1669 2038 verbosa

444 2093 581 2155 poeseos
591 2073 782 2154 Aeschyliae
799 2075 970 2155 insequitur
980 2074 1162 2156 explanatio
1178 2074 1302 2136 diverso
1319 2094 1466 2135 sermone
1482 2075 1668 2155 conscripta.

444 2179 525 2242 Cum
553 2181 663 2261 prioris
693 2190 800 2243 autem
832 2181 982 2244 enuntiati
1013 2182 1134 2242 ratione
1165 2190 1238 2262 apte
1271 2180 1420 2242 cohaeret
1450 2180 1538 2259 quod
1571 2178 1667 2259 longo

443 2285 606 2348 intervallo
647 2296 737 2349 extat
778 2289 818 2350 de
864 2287 973 2349 fabulis
1004 2286 1158 2366 Aeschyli
1185 2287 1409 2349 testimonium.
1463 2285 1553 2367 Quas
1587 2288 1668 2348 vitae

443 2391 610 2474 particulas
634 2413 675 2454 ex
699 2395 827 2475 optimis
850 2394 989 2456 fontibus
1013 2393 1170 2456 derivatas
1187 2414 1264 2468 esse,
1288 2395 1432 2455 nimirum
1451 2415 1492 2454 ex
1516 2393 1667 2455 indicibus
1740 2385 1743 2390 ’

445 2497 621 2578 tabulisque
652 2498 894 2578 AlexandriniS,
925 2503 1053 2581 propria
1084 2502 1242 2581 quaedam
1274 2501 1433 2581 utriusque
1465 2500 1532 2562 laus
1565 2501 1667 2572 docet,

446 2606 503 2667 etsi
527 2604 626 2667 altera
649 2607 870 2668 emendatione
894 2607 1021 2686 indiget.
1068 2607 1194 2668 Etenim
1219 2627 1290 2668 curn
1315 2627 1427 2668 omnes
1450 2585 1514 2669 fere
1538 2607 1665 2688 antiqui-

446 2713 518 2775 tatis
534 2719 632 2774 testes
649 2711 810 2774 Aminiam
829 2734 900 2774 cum
918 2712 1079 2794 Cynegiro
1095 2713 1248 2792 Aeschyli
1264 2712 1390 2774 fratrem
1408 2723 1669 2788 commemorent,

444 2839 539 2899 quem
556 2827 663 2880 tamen
680 2817 904 2893 Pallenensem,
935 2839 999 2881 non
1016 2819 1216 2894 Eleusinium,
1242 2818 1335 2882 fuisse
1352 2829 1481 2882 auctore
1496 2820 1667 2882 Herodoto

446 2925 667 3005 comperimus,
691 2927 796 2986 codex
814 2925 985 3001 MediceuS,
1009 2946 1105 3008 quem
1129 2947 1226 2987 unum
1250 2927 1280 2986 in
1300 2925 1360 2988 hac
1374 2928 1439 2987 vita
1463 2927 1670 2989 describenda

447 3032 560 3093 ducem
584 3032 760 3112 sequimur,
791 3031 832 3092 nil
855 3031 953 3093 habet
984 3032 1040 3094 nisi
1064 3034 1262 3113 Κννεγείρον
1287 3028 1454 3111 ἀδελφός,
1484 3033 1668 3114 apographa
1762 3060 1764 3064 ¹

446 3138 568 3199 addunt
591 3136 648 3196 καὶ
667 3132 823 3216 Ἀμεινίου
855 3159 896 3199 ex
920 3137 1073 3219 ampliore
1090 3141 1138 3230 [de
1161 3140 1254 3200 trium
1287 3139 1417 3202 fratrum
1434 3139 1553 3216 bellica
1577 3139 1669 3200 laude

445 3244 651 3307 adnotatione
675 3244 828 3318 haustum,
851 3265 933 3324 quae
948 3247 1055 3325 paucis
1078 3254 1152 3326 post
1168 3245 1354 3308 exhibetur:
1382 3255 1414 3307 at
1435 3245 1516 3307 hanc
1539 3247 1668 3326 quidem

445 3351 588 3412 diversae
605 3369 673 3412 esse
697 3351 822 3431 originis
838 3353 932 3412 etiam
955 3350 1028 3412 illud
1052 3353 1259 3426 demonstrat,
1283 3354 1371 3433 quod
1394 3371 1467 3414 cum
1491 3361 1585 3413 antea
1608 3352 1668 3413 iarn

447 3457 565 3518 dictum
589 3458 629 3519 sit
652 3455 688 3528 ἐξ
710 3447 926 3540 ethaeorum
950 3453 1010 3535 triv
1034 3452 1146 3535 φίσιν,
1171 3459 1254 3520 idem
1279 3459 1431 3539 repetitur
1453 3463 1610 3536 γενναῖον
1635 3455 1669 3516 δὲ

448 3555 550 3622 αὐτόν
574 3579 668 3643 φασι.
716 3564 813 3626 Priori
837 3572 943 3624 autem
967 3563 1136 3644 particulae
1159 3565 1213 3625 vix
1238 3563 1349 3626 dubito
1373 3565 1447 3644 quin
1471 3560 1670 3626 adnectenda

446 3669 507 3729 sint
523 3669 630 3742 verba,
646 3690 729 3750 quae
745 3672 824 3731 inter
840 3671 976 3750 primum
994 3671 1034 3731 de
1051 3669 1204 3748 Aeschyli
1220 3672 1309 3752 poesi
1325 3671 1472 3732 iudicium
1489 3679 1521 3731 et
1537 3670 1669 3733 alteram

446 3772 573 3835 fratrum
607 3777 941 3838 commemorationem
975 3777 1229 3857 interponuntur:
1268 3772 1488 3860 σννεχρόνησε
1521 3773 1557 3835 δὲ
1591 3779 1670 3836 Hav-

448 3875 537 3962 δάρῳ
562 3877 698 3958 γεγονώς
723 3879 807 3942 κατὰ
829 3879 918 3954 τννῗ
943 3887 977 3940 M
1005 3877 1104 3962 (Ey‘il
1137 3877 1345 3962 ὀλυμπιάδα.
1405 3885 1480 3958 lam¹
1507 3884 1538 3944 in
1569 3883 1669 3947 altero

446 3988 533 4066 quod
557 3987 690 4048 indicavi
722 3990 904 4050 testimonio
936 4004 1009 4050 cum
1040 3991 1189 4052 traditum
1214 3991 1253 4052 sit
1278 3989 1474 4069 Aeschylum
1499 3989 1670 4054 confecisse

448 4088 611 4175 σατυρικὰ
634 4087 720 4171 ἀμφὶ
752 4090 793 4152 τὰ
816 4097 936 4169 πέντε,
968 4114 1063 4156 nemo
1091 4117 1154 4157 non
1179 4095 1256 4158 vidit
1286 4096 1348 4158 hoc
1372 4105 1455 4158 stare
1478 4116 1542 4159 non
1566 4119 1669 4178 posse.

448 4197 555 4279 Quare
572 4197 778 4261 Casaubonus
803 4196 838 4258 ιε’
866 4202 1030 4281 proposuit
1054 4222 1111 4282 pro
1136 4197 1159 4261 ε’
1186 4204 1326 4283 itemque
1349 4201 1480 4263 Bothius
1503 4223 1669 4266 numerum

446 4305 490 4366 ita
512 4305 733 4384 corrigendum
758 4327 827 4368 esse
843 4307 952 4368 duxit:
979 4303 1136 4369 adulare
1161 4304 1244 4390 πρὸς
1267 4314 1339 4376 τοῖς
1363 4303 1388 4366 κ’
1408 4307 1458 4368 vel
1482 4303 1520 4370 λ’.
1552 4309 1671 4373 Nostra

447 4420 553 4471 autem
578 4419 682 4474 aetate
705 4411 770 4474 fere
793 4433 905 4474 omnes
929 4414 1063 4476 duorum
1081 4415 1338 4496 apographorum
1361 4414 1547 4495 scripturam
1563 4410 1669 4494 ’ἀμφί-

447 4512 532 4592 βολα
550 4520 649 4577 πέντε
666 4519 884 4581 adsciverunt:
907 4521 1011 4599 itaque
1022 4519 1061 4582 Ο.
1070 4520 1238 4582 Muellerus
1254 4530 1329 4603 post
1337 4515 1502 4603 σατυρικὰ
1520 4521 1670 4596 distinxit,

447 4623 706 4685 Wachsmuthius
737 4636 900 4705 praeterea
939 4647 1104 4686 numerum
1144 4629 1255 4706 harum
1294 4625 1469 4688 fabularum
1502 4627 1670 4689 desiderari

447 4715 677 4805 animadvertit,
701 4733 845 4810 graviore
862 4732 1044 4793 Dindorfrus
1061 4754 1134 4794 usus
1151 4742 1199 4794 est
1215 4735 1397 4808 mutatione,
1423 4734 1463 4794 de
1479 4753 1542 4813 qua
1555 4743 1670 4814 postea
