3706 5876
685 617 904 680 ..35.α

183 791 235 866 ita,
259 799 294 852 ut
317 792 410 854 tertia
425 800 548 853 tantum
565 812 637 871 pars
660 792 894 873 relinqueretur,
919 794 984 855 eius
1007 793 1051 855 rei
1073 814 1176 875 neque
1191 813 1285 856 causa
1301 814 1408 874 ¹neque

184 898 353 980 explicatio
377 900 491 961 idonea
514 899 646 980 cogitari
668 908 795 981 potest:
823 919 895 961 curn
918 901 1103 981 praesertim
1127 911 1273 982 tempore
1296 921 1406 983 proce-

183 1006 280 1066 dente
296 1015 329 1068 et
344 1005 488 1068 libertate
505 1006 666 1067 communi
680 1007 709 1066 in
730 1005 887 1068 licentiam
903 1009 1077 1088 depravata
1093 1009 1199 1089 augeri
1222 1007 1407 1088 logistarum

183 1113 376 1192 provinciam
401 1121 573 1194 oporteret,
596 1113 715 1173 nedum
739 1111 881 1174 contrahi
904 1112 1019 1176 liceret,

272 1218 339 1279 Iam
363 1238 439 1280 vero
463 1238 535 1280 curn
568 1219 702 1280 dubitari
726 1227 875 1298 nequeat,
907 1221 980 1299 quin
1003 1229 1128 1300 praeter
1151 1221 1252 1282 denos
1276 1219 1407 1301 logistas

156 1354 159 1360 ·
183 1343 220 1386 ac
243 1323 344 1386 denos
368 1323 526 1404 euthynos
546 1305 700 1404 ¹synegori
716 1345 845 1405 quoque
868 1326 940 1387 deni
960 1324 1073 1388 fuerint
1095 1327 1221 1408 suppari
1245 1328 1407 1407 dignitate,

183 1450 226 1491 ex
249 1430 377 1512 singulis
400 1431 543 1492 tribubus
574 1430 687 1511 singuli
710 1433 878 1511 quotannis
901 1440 988 1494 sorte
1011 1431 1125 1494 creati:
1160 1433 1236 1513 quid
1267 1432 1407 1514 impedit,

182 1538 353 1617 quominus
375 1539 502 1618 triginta
525 1536 670 1600 homines
694 1539 798 1600 eidem
827 1558 939 1600 omnes
963 1538 1066 1600 officio
1090 1538 1247 1600 rationum
1268 1538 1406 1620 publica-

182 1663 251 1704 rum
277 1645 452 1706 destinatos
476 1664 539 1706 una
570 1645 785 1727 appellatione,
810 1643 938 1726 triginta
968 1646 1108 1708 virorum
1142 1643 1186 1715 (ol
1210 1641 1406 1728 τριάκοντα)

182 1751 410 1832 comprehendi
434 1750 594 1814 dicamus?
618 1750 675 1814 Cui
698 1750 785 1833 quod
808 1752 838 1812 in
864 1750 979 1813 Calliae
1002 1753 1132 1814 decreto
1155 1752 1328 1813 accuratior
1352 1753 1403 1813 de-

180 1855 280 1918 finitio
304 1858 429 1919 additur
460 1856 492 1917 ol
516 1854 685 1941 λογισταί,
716 1879 780 1921 non
812 1859 911 1939 magis
943 1856 1077 1920 offendit
1109 1878 1227 1920 nomen
1250 1878 1269 1919 a
1291 1858 1407 1939 potiori

182 1971 216 2024 ut
240 1965 325 2026 aiunt
349 1967 516 2046 repetitum
549 1986 646 2046 quam
676 1965 763 2047 quod
795 1959 989 2047 λογιστὴρια
1020 1965 1174 2026 nominari
1201 1963 1349 2039 vidimus
1378 1964 1408 2025 in

181 2070 295 2150 quibus
328 2071 459 2151 euthyni
489 2093 618 2154 quoque
645 2083 678 2135 et
708 2074 858 2153 synegori
881 2072 992 2133 sedem
1021 2071 1184 2134 haberent.
1230 2069 1355 2133 Scilicet
1378 2072 1409 2132 in

180 2177 330 2239 omnibus
345 2199 563 2260 quaecumque
578 2181 620 2242 ad
635 2179 744 2262 populi
752 2179 898 2241 iudicium
907 2177 1038 2241 serenda
1053 2187 1149 2253 erant,
1164 2177 1407 2239 iurisdictionem

181 2281 316 2363 logistae
340 2285 398 2347 soli
418 2305 460 2346 ex
484 2285 577 2348 officii
593 2287 713 2348 ratione
728 2285 908 2347 habebant:
936 2305 1038 2366 neque
1058 2293 1165 2345 tamen
1182 2285 1255 2345 inde
1270 2283 1409 2363 sequitur

107 2393 111 2400 “
181 2389 365 2452 subiunctos
404 2392 448 2452 eis
484 2391 577 2454 fuisse
610 2391 769 2472 euthynos
802 2401 834 2453 et
871 2410 1050 2473 synegoros
1085 2399 1249 2471 tamquam
1279 2390 1409 2452 minoris

180 2497 385 2572 auctoritatis,
409 2518 490 2579 quos
506 2499 573 2579 pari
597 2498 670 2560 loco
693 2499 783 2579 ponit
799 2497 1007 2560 Aristoteles:
1032 2497 1088 2558 sed
1104 2497 1209 2578 potius
1232 2495 1408 2578 provincias

180 2603 357 2665 necessario
381 2605 505 2680 divisas,
529 2625 611 2686 quae
628 2604 723 2666 nihilo
740 2604 841 2665 minus
865 2607 906 2666 ad
930 2604 1015 2666 idem
1039 2611 1134 2685 caput
1158 2605 1297 2664 redeant.
1338 2601 1405 2663 Tri-

181 2710 269 2789 ginta
284 2711 384 2771 virum
400 2721 507 2773 autem
524 2713 611 2791 quod
627 2719 702 2792 post
718 2710 884 2773 Euclidem
908 2710 1093 2772 archontem
1110 2708 1194 2770 nulla
1210 2710 1269 2770 iam
1287 2710 1407 2770 mentio

181 2824 239 2890 est,
263 2817 320 2878 sed
343 2816 442 2878 sicubi
465 2827 652 2899 comparent
677 2853 717 2863 -
741 2826 813 2878 sunt
836 2818 920 2878 enim
945 2837 1014 2879 rara
1034 2817 1164 2878 omnino
1188 2813 1338 2894 exempla
1363 2850 1402 2858 -

179 2922 360 3004 simpliciter
383 2933 437 2985 aut
459 2923 593 3004 logistae
616 2931 671 2984 aut
695 2923 825 3002 euthyni
849 2933 903 2985 aut
918 2924 1067 3004 synegori
1092 2931 1316 2994 memorantur,
1341 2941 1406 2981 non

181 3029 304 3103 mirum,
328 3030 352 3091 si
377 3040 569 3110 reputamus,
592 3039 746 3110 quantum
774 3030 883 3091 odium
907 3031 954 3090 isti
979 3029 1180 3112 appellationi
1203 3029 1330 3108 triginta
1353 3029 1409 3088 viri

180 3136 235 3215 qui
264 3145 338 3216 post
368 3135 486 3197 bellum
518 3137 820 3219 Peloponnesiacum
853 3135 989 3197 Athenis
1018 3135 1262 3197 dominabantur
1291 3133 1407 3195 confla-

179 3242 288 3303 verint.
334 3241 369 3305 Si
397 3243 525 3323 quidem
558 3243 627 3305 sola
657 3243 792 3305 nominis
824 3243 939 3303 invidia
970 3241 1086 3304 iactum
1116 3262 1186 3303 esse
1217 3240 1408 3303 Aristoteles

177 3349 284 3422 tradit,
318 3357 351 3410 ut
382 3350 435 3430 qui
467 3359 540 3412 ante
571 3349 699 3428 triginta
730 3358 820 3411 erant
850 3353 1007 3430 pagorum
1036 3349 1166 3423 iudices,
1197 3347 1407 3427 quadraginta

181 3454 239 3514 viri
261 3453 305 3528 (ol
329 3452 601 3538 τεσσαράκοντα)
625 3466 738 3538 postea
762 3459 1033 3518 constituerentur.
1046 3459 1069 3530 ¹)

183 3596 363 3604 .‚--——.—-..
378 3599 393 3605 ,,

256 3666 279 3728 l)
300 3667 384 3715 Pollux
404 3668 463 3716 vffl
485 3667 535 3720 100
555 3667 579 3720 ui
605 3668 633 3720 δὲ
659 3664 856 3740 τετταράκοντα
885 3663 1016 3740 πρότερον
1040 3667 1093 3736 μὲν
1117 3656 1186 3731 ἦσαν
1204 3662 1364 3738 τριάκοντα,
1384 3662 1411 3716 οἳ

178 3752 330 3822 περιιόντες
348 3752 417 3807 κατὰ
434 3752 537 3826 δήμους
555 3754 588 3809 τὰ
603 3757 687 3829 μέχρι
701 3755 837 3828 δραχμῶν
850 3756 915 3808 δέκα
927 3753 1051 3817 ἐδίκαζον
1067 3785 1094 3791 --
1105 3752 1193 3825 μετὰ
1212 3755 1231 3806 δ
1235 3754 1247 3806 ὲ
1266 3751 1324 3818 τὴν
1343 3753 1409 3806 τῶν

178 3839 371 3912 τριάκοντα
396 3831 733 3916 δλιγιιρχίιινμίσει
764 3844 824 3897 τοῦ
849 3841 1007 3916 ἀριθμοῦ
1036 3844 1099 3896 τοῦ
1124 3840 1314 3916 τριάκοντα
1340 3860 1408 3894 τετ-

177 3928 378 4002 ταράκοντα
405 3931 576 4001 ἐγένοντο.
615 3935 781 4000 Harpocratio
801 3951 819 3985 s.
840 3951 862 3984 v.
890 3931 970 3985 Κατὰ
995 3930 1096 4001 δήμους
1119 3930 1328 3990 δικαστὰς...
1348 3931 1409 4003 περὶ

178 4019 235 4070 τῶν
248 4017 317 4072 κατὰ
338 4017 439 4088 δήμους
452 4022 598 4082 δικαστῶν,
618 4019 654 4079 ὡς
670 4019 802 4095 πρότερον
814 4021 867 4091 μὲν
881 4012 950 4085 ἦσαν
962 4019 982 4074 λ’
998 4021 1043 4076 καὶ
1063 4019 1132 4074 κατὰ
1146 4018 1248 4092 δήμους
1260 4017 1410 4092 περιιόντες

178 4107 313 4168 ἐδίκαζον,
338 4105 396 4161 εἶτα
416 4107 542 4180 ἐγίνοντο
561 4109 601 4178 μ’,
628 4109 732 4182 εἴρηκεν
750 4107 983 4182 Ἀριστοτέλης
1009 4109 1039 4161 ἐν
1057 4110 1090 4181 τῇ
1107 4107 1258 4174 Ἀθηναίων
1283 4108 1408 4176 πολιτείᾳ.

179 4198 219 4249 Cl.
239 4200 309 4247 schol
338 4201 370 4246 ad
391 4202 479 4253 Aesch.
500 4203 565 4253 Tim.
586 4201 648 4264 §39
662 4197 732 4254 οὕτω
751 4201 845 4271 μέντοι
864 4197 994 4270 ἐμίσησεν
1012 4195 1026 4251 ὁ
1048 4198 1131 4267 δῆμος
1151 4197 1214 4258 τοὺς
1226 4196 1259 4259 λ’,
1278 4195 1345 4251 ὥστε
1363 4198 1409 4250 καὶ

178 4282 249 4356 πρός
266 4283 316 4349 τὴν
335 4284 492 4354 ὀνομασίαν
511 4289 558 4342 τοῦ
579 4286 702 4361 ἀριθμοῦ
723 4290 922 4361 δυσχεραίνειν.
