3706 5876
697 513 916 624 ..ll-7...

189 734 324 798 cationis
348 757 421 798 eum
446 746 573 800 accusat
596 747 627 800 et
651 731 785 820 logistae
807 739 944 820 praesidi
974 742 1162 822 persuadet,
1193 752 1228 805 ut
1251 741 1367 804 iudices
1390 743 1422 804 in

190 841 344 932 suffragia
367 843 502 916 mittatzx
517 844 630 926 quibus
652 844 768 907 absens
791 843 902 908 Strato
926 847 1035 928 capitis
1056 844 1272 911 deminutione
1288 850 1420 911 damna-

146 935 162 1037 J'-
190 957 252 1010 tur.
291 949 373 1012 Hinc
395 952 498 1032 ipsum
522 960 630 1014 autem
646 951 716 1013 luce
733 950 844 1014 clarius
860 963 993 1035 apparet
1009 954 1165 1016 diaetetae
1184 964 1259 1037 post
1279 953 1419 1018 officium

188 1065 357 1136 peractum
380 1065 481 1120 statos
504 1058 572 1119 dies
595 1055 689 1120 fuisse
719 1057 770 1120 vel
801 1068 922 1122 certum
953 1061 1106 1142 temporis
1137 1061 1274 1142 spatium
1305 1063 1426 1140 consti--

189 1170 305 1238 tutum,
327 1163 408 1225 intra
423 1164 511 1244 quod
526 1183 676 1246 praesens
692 1174 878 1247 expectaret
901 1167 926 1228 si
949 1167 1018 1247 quis
1041 1167 1082 1228 de
1104 1167 1276 1230 rationibus
1292 1188 1417 1231 accusa-

189 1269 311 1330 tionem
332 1269 495 1351 proferret,
518 1269 673 1352 simulque
691 1272 804 1334 iudicia
826 1273 857 1334 in
880 1291 914 1334 re
936 1274 1094 1355 praesenti
1108 1282 1226 1356 parata,
1250 1274 1281 1336 in
1304 1275 1418 1355 quibus

188 1373 262 1436 ilico
300 1377 341 1437 de
379 1396 473 1438 causa
510 1397 567 1459 per
604 1378 735 1458 logistas
773 1377 879 1440 delata
917 1380 1147 1442 decerneretur.
1207 1381 1292 1442 Nam
1330 1380 1417 1462 quod

188 1481 427 1545 Demosthenes
465 1469 583 1546 Midiae
614 1484 789 1565 exprobrat
811 1466 858 1546 'in
895 1486 942 1547 ius
972 1482 1174 1549 vocationem
1204 1508 1271 1549 non
1301 1486 1417 1549 factam

187 1607 294 1669 neque
331 1598 565 1652 antestatorum
602 1591 732 1653 nomina
768 1593 858 1672 quod
902 1590 989 1673 leges
1026 1593 1169 1656 iuberent
1206 1594 1364 1676 adscripta
1376 1599 1414 1670 ¹):

188 1697 362 1778 speciosius
393 1696 545 1777 {dquam
569 1698 671 1760 verius
694 1699 755 1759 dici
781 1698 902 1760 dudum
926 1697 1118 1762 intellectum
1142 1709 1198 1762 est.
1209 1701 1236 1777 2)
1292 1700 1419 1762 Etenim

188 1803 216 1864 si
247 1822 358 1884 reapse
387 1803 419 1864 in
450 1804 497 1865 ius
527 1803 696 1867 vocatione
726 1824 808 1886 opus
839 1814 918 1879 erat,
951 1825 989 1867 ea
1019 1805 1137 1868 omissa
1168 1814 1253 1868 certe
1283 1805 1420 1870 licuisset

187 1907 333 1973 Stratoni
356 1909 428 1992 lege
451 1930 547 1992 agere
578 1919 611 1973 et
633 1911 663 1972 in
695 1912 853 1992 integrum
884 1912 1114 1974 restitutionem
1146 1912 1327 1994 postulare:
1361 1914 1420 1974 sed

188 2016 221 2077 in
244 2017 290 2078 ius
314 2018 422 2080 vocari
445 2019 499 2098 qui
521 2019 634 2079 adesse
658 2016 749 2079 officii
773 2038 867 2080 causa
891 2019 1000 2080 debuit
1024 2040 1087 2100 qua
1111 2019 1182 2100 lege
1205 2020 1323 2081 iussum
1348 2039 1418 2081 esse

188 2125 378 2187 credamus?
406 2125 563 2186 Nimirum
579 2125 722 2205 peccavit
738 2123 859 2201 Strat0,
883 2144 955 2187 cum
979 2124 1091 2188 ultimo
1115 2127 1167 2188 die
1190 2127 1252 2188 iam
1268 2125 1417 2188 liberatus

188 2232 277 2292 omni
301 2232 492 2293 accusatoris
516 2240 603 2293 metu
626 2249 696 2294 non
720 2232 867 2294 adesset:
901 2251 998 2312 quern
1021 2232 1156 2294 abusum
1187 2230 1241 2294 illo
1271 2241 1418 2314 tempore

186 2335 386 2417 frequentem
399 2341 422 2415 3)
451 2338 552 2400 sciens
575 2338 605 2398 in
628 2358 720 2400 suum
744 2357 836 2400 usum
864 2337 959 2400 vertit
982 2337 1105 2400 Midias
1150 2338 1247 2402 Unde
1271 2339 1329 2401 etsi
1352 2337 1418 2401 doli

186 2443 263 2505 mali
293 2444 427 2519 crimen,
459 2445 513 2525 qui
542 2443 706 2506 hominem
736 2445 918 2526 repentinae
951 2446 1156 2507 accusationis
1187 2445 1332 2526 ignarum
1360 2445 1416 2506 ab·

185 2558 312 2612 sentem
342 2552 626 2632 pessumdedisset,
658 2572 723 2613 non
746 2551 870 2632 effugit:
902 2551 970 2632 ipsa
992 2550 1127 2613 iudicum
1158 2553 1313 2614 sententia
1337 2552 1418 2614 iusta

185 2665 319 2737 rataque
343 2657 466 2720 mansit.

276 2763 344 2824 Iam
375 2784 453 2825 vero
483 2763 719 2845 compendiaria
757 2765 817 2827 ista
855 2765 938 2825 actio
970 2761 1182 2844 euthynarum
1221 2772 1256 2825 ut
1285 2783 1414 2844 prorsus

185 2868 312 2931 diversa
335 2863 384 2933 est
407 2870 449 2931 ab
472 2870 630 2932 ordinaria
653 2872 761 2957 γραφῇ
786 2871 867 2953 περὶ
890 2865 1046 2931 εὐθυνῶν
1078 2871 1119 2932 de
1141 2891 1205 2951 qua
1227 2869 1305 2932 infra
1327 2871 1414 2932 vide-

184 2973 291 3036 bimus
302 2981 346 3058 (p.
356 2977 422 3053 22),
439 2997 521 3058 quae
536 2977 567 3038 in
582 2978 628 3039 ius
642 2977 810 3039 vocatione
826 2997 891 3039 non
907 2978 1052 3040 carebat:
1071 2978 1114 3039 ita
1130 2978 1279 3058 proxime
1293 2977 1417 3039 accedit

186 3082 229 3143 ad
252 3081 327 3143 illud
351 3083 498 3145 iudicium
522 3105 586 3165 quo
611 3083 815 3165 magistratus
839 3104 951 3146 omnes
975 3084 1174 3147 introductos
1204 3103 1263 3165 per
1284 3083 1416 3165 logistas

185 3189 419 3251 accusationem
443 3210 620 3271 provocare
643 3191 787 3252 vidimus.
834 3190 918 3252 Nam
943 3190 1028 3252 idem
1049 3189 1124 3251 illud
1140 3190 1315 3253 institutum
1338 3210 1415 3251 num

184 3297 426 3376 agnoscendum
451 3296 498 3372 sit,
523 3296 702 3359 addubitari
726 3305 843 3378 potest.
888 3297 1014 3358 Vereor
1038 3297 1129 3372 enim,
1153 3317 1194 3357 ne
1217 3295 1415 3358 subabsurde

184 3399 304 3464 Midiae
325 3402 445 3464 crimini
467 3412 608 3466 vertatur
630 3404 672 3465 ab
688 3411 824 3478 oratore,
849 3404 937 3484 quod
961 3404 991 3466 in
1014 3403 1060 3464 ius
1083 3403 1253 3465 vocatione
1276 3410 1414 3464 antesta-

186 3508 289 3589 tisque
313 3508 478 3584 abstinuit,
509 3511 534 3571 si
562 3511 592 3571 in
616 3511 685 3592 ipso
714 3510 827 3572 iudicio
855 3509 1041 3590 logistarum
1071 3509 1242 3591 praeconio
1267 3529 1414 3571 accusare

184 3615 239 3694 qui
261 3614 358 3677 vellet
381 3617 480 3678 iussus
504 3625 596 3680 esset.
644 3616 849 3698 Quamquam
873 3617 1015 3678 dandum
1040 3614 1154 3696 aliquid
1185 3601 1234 3679 est
1256 3616 1413 3678 oratoriae

183 3863 276 3913 Aesch.
302 3861 327 3925 3,
353 3862 405 3928 20),
431 3863 548 3929 explicari
572 3865 656 3930 possit.
683 3892 716 3900 -
742 3864 856 3913 Ceterum
881 3863 958 3912 verba
982 3837 1031 3926 την
1055 3861 1102 3915 τοῦ
1127 3861 1312 3934 θαργηλιῶνος
1330 3857 1345 3926 ἢ
1365 3862 1415 3916 τοῦ

183 3951 396 4023 σκιροφοριῶνος
414 3953 582 4022 γιγνομένην
607 3953 699 4002 dudum
719 3969 734 4001 a
753 3953 889 4002 Schaefero
908 3953 933 4000 in
951 3951 1116 4016 suspicionem
1134 3957 1223 4000 vocata
1247 3959 1272 4001 ut
1290 3952 1414 4016 glossema

182 4040 242 4088 satis
260 4041 370 4105 ineptum
389 4043 478 4091 merito
497 4043 601 4106 explosit
614 4043 830 4091 Westennannus:
852 4057 897 4090 nec
916 4042 984 4105 quod
996 4041 1115 4104 Bergkius
1134 4041 1169 4090 eis
1188 4041 1305 4105 distingui
1324 4057 1413 4090 aunum
1502 4085 1506 4100 ,

183 4129 335 4178 ordinarium
354 4135 378 4182 et
395 4131 567 4180 intercalarem
586 4133 734 4195 suspicatur,
754 4131 811 4180 inde
830 4131 865 4180 eis
884 4129 986 4178 multum
1004 4129 1122 4194 praesidii
1141 4131 1223 4194 parari
1242 4137 1311 4194 puto.

254 4235 280 4301 1)
300 4237 398 4297 πείσας
415 4234 466 4290 τὸν
483 4232 687 4311 πρυτανεύοντα
708 4238 734 4303 (i.
748 4253 771 4288 e.
784 4237 908 4304 logistam‚
927 4251 976 4301 quo
995 4236 1027 4285 de
1045 4237 1096 4289 vid,
1110 4237 1215 4314 Meierus
1232 4235 1248 4288 1.
1263 4235 1296 4302 c.)
1317 4234 1413 4288 derivat

179 4321 230 4389 τὴν
248 4325 354 4395 ψῆφον,
373 4322 447 4400 παρὰ
472 4323 579 4384 πάντας
603 4321 665 4384 τούς
684 4323 793 4395 νόμους,
812 4325 928 4398 κλητῆρα
954 4319 1011 4377 0:30⁹
1032 4321 1159 4377 ὁντινοῦν
1178 4319 1413 4397 ἐπιγραψάμενος,

179 4414 341 4488 κατηγορῶν
352 4414 462 4488 ἔρημον,
482 4412 592 4474 οὐδενὸς
602 4412 747 4488 παρόντος,
765 4409 886 4484 ἐκβάλλει
902 4411 949 4466 καὶ
961 4409 1057 4482 ἀτιμοῖ
1072 4411 1121 4466 τόν
1134 4409 1280 4476 διαιτητήν.
1305 4414 1336 4465 cf.
1350 4415 1365 4475 ξ
1378 4412 1413 4466 92

179 4504 227 4556 καὶ
245 4499 294 4568 τὴν
312 4503 366 4573 μὲν
385 4501 454 4556 κατὰ
474 4505 522 4557 τοῦ
540 4503 678 4568 διαιτητοῦ
696 4503 800 4574 γνῶσιν
820 4497 852 4566 ἣν
872 4498 1058 4575 ἀπρόσκλητον
1077 4497 1275 4555 κατεσκεύασεν
1293 4503 1348 4554 κτλ.

270 4610 298 4675 2)
317 4612 415 4662 Platner
433 4613 449 4663 1.
465 4613 511 4663 c.l
531 4610 591 4664 347.
628 4614 801 4662 Weslermann
819 4611 836 4662 l.
850 4628 871 4665 c.
885 4628 911 4675 p.
924 4609 986 4662 455.

269 4717 296 4785 3)
316 4717 355 4777 εἷς
373 4715 406 4783 ἣν
425 4723 470 4786 (sc.
483 4715 532 4783 τὴν
550 4719 705 4772 τελευταίαν
724 4715 840 4791 ἡμέραν)
860 4715 873 4769 ὁ
889 4717 943 4786 μὲν
962 4707 1028 4780 ἦλθε
1046 4716 1101 4769 τῶν
1119 4715 1271 4779 διαιτητῶν,
1290 4710 1344 4767 50⁹
1364 4711 1393 4767 οἰ
1397 4733 1413 4768 κ

176 4797 252 4872 ἦλθε.
291 4809 388 4860 Eodem
407 4810 471 4859 redit
490 4804 598 4864 οὐδενὸς
615 4804 752 4881 παρόντος
770 4809 837 4872 quod
856 4808 970 4872 sequitur.

1178 4892 1194 4944 2
